2320 3828
1321 367 1377 409 30

555 496 737 543 obsecro,
782 493 882 534 haec
925 491 1092 547 legens:
1141 489 1237 539 „odi
1280 488 1468 530 natalem
1500 489 1635 530 istum
1668 490 1741 544 qui
1774 489 1918 540 (mihi)
1951 489 2141 545 agendus

554 568 633 608 erit
673 567 760 606 sine
803 562 1033 606 Cerintho”
1078 565 1213 602 semet
1254 561 1398 615 ipsum
1433 573 1581 615 cogere
1609 561 1766 615 poterit
1799 563 1847 601 ut
1879 559 1928 602 de
1967 560 2144 602 Cer-iuthi

554 638 714 692 cogitet
747 635 812 676 die
846 631 1007 675 natali?
1040 632 1132 674 Hoc
1166 614 1520 686 posse‘videntur
1553 632 1635 673 viri
1668 630 1791 681 docti,
1820 645 1924 686 quos
1950 633 2143 674 novicius

553 709 632 748 iste
675 706 866 761 exagitat
898 703 1089 752 morbus,
1124 716 1253 757 quam
1286 700 1566 752 ἱτοιλοφσβίαν
1601 701 1815 757 appellare
1847 701 1988 744 lubet:
2023 702 2145 744 dum-

554 776 677 819 modo
711 790 761 817 ne
796 789 818 816 a
851 775 1017 815 miseris
1049 772 1137 814 illis
1172 772 1292 814 Italis
1326 771 1559 827 quidquam
1592 773 1814 827 accipiant,
1849 772 2019 827 quidvis
2051 786 2143 828 per—

553 849 639 903 peti
681 851 722 888 et
755 845 924 901 quidvis
957 843 1124 886 credere
1157 847 1256 884 sunt
1289 844 1438 898 parati.
1476 840 1608 898 Atqui
1642 857 1790 885 versus
1825 843 2060 894 cuiusdam,
2094 843 2144 884 de

552 932 633 973 quo
677 916 803 972 paulo
849 919 942 971 post
986 916 1067 956 erit
1109 913 1313 970 agendus,
1355 912 1481 955 lectio
1525 913 1732 968 quaedam
1763 913 1972 956 Italorum
2005 917 2144 956 exstat

554 1002 659 1044 quae
702 989 737 1029 si
781 988 984 1042 recipitur
1025 985 1119 1027 luce
1163 984 1319 1027 clarius
1354 988 1529 1039 apparet
1562 984 1630 1026 hic
1662 999 1828 1040 quoque
1861 984 1911 1026 de
1943 985 2144 1039 Sulpiciae

554 1061 624 1115 agi
667 1059 733 1100 die
774 1056 929 1107 nata1i;
974 1070 1075 1112 ergo
1120 1055 1163 1098 id
1200 1070 1251 1097 ne
1281 1055 1367 1105 fiat,
1401 1055 1470 1096 hic
1503 1069 1567 1097 res
1600 1069 1647 1097 eo
1681 1059 1745 1098 est
1777 1055 2061 1110 detorquenda
2094 1060 2144 1097 ut

555 1130 730 1172 (Priami
763 1129 850 1170 dies
883 1127 1038 1170 natalis
1071 1126 1350 1183 significetur.
1391 1126 1520 1177 Quasi
1553 1140 1652 1169 vero
1686 1127 1913 1182 quisquam
1946 1128 1982 1168 si
2014 1141 2141 1182 quem

550 1201 669 1243 audit
696 1204 967 1256 querentem:
1000 1198 1137 1248 „mihi
1166 1197 1253 1239 dies
1280 1196 1431 1239 natalis
1459 1199 1539 1239 erit
1565 1197 1831 1253 peragendus
1855 1199 1944 1240 sine
1967 1197 2141 1249 uxore,⁷'

550 1278 698 1328 putare
725 1273 858 1327 possit
884 1285 984 1312 eum
1011 1284 1093 1312 non
1121 1269 1171 1311 de
1197 1284 1266 1309 sno
1294 1268 1366 1310 sed
1394 1268 1443 1309 de
1472 1270 1617 1310 uxoris
1634 1267 1752 1323 loqui
1770 1268 1836 1310 die
1853 1267 2008 1310 natali!
2038 1269 2142 1311 Mox

549 1345 608 1386 rei
641 1357 768 1398 quam
801 1342 869 1383 hic
902 1340 1078 1382 defendo
1111 1355 1192 1382 non
1225 1341 1368 1381 minus
1400 1343 1564 1381 certum
1597 1339 1790 1381 indicabo
1822 1343 2141 1396 argumentum.

611 1413 792 1455 Omnino
826 1414 960 1453 tristis
993 1425 1040 1454 ea
1073 1425 1138 1453 res
1171 1410 1342 1466 puellae
1375 1410 1567 1460 videtum
1601 1411 1661 1452 sic
1693 1411 1805 1452 enim
1840 1414 1987 1465 rogat:

730 1483 911 1525 Dulcius
944 1483 1048 1524 urbe
1082 1481 1183 1537 quid
1216 1480 1308 1523 est?
1342 1495 1391 1523 an
1428 1480 1532 1523 villa
1563 1482 1619 1522 sit
1651 1484 1748 1536 apta
1781 1480 1949 1536 puellae

791 1555 931 1608 Atque
963 1554 1160 1595 Arretino
1194 1552 1377 1608 frigidus
1410 1553 1546 1594 amnis
1579 1566 1694 1608 agro.

549 1626 596 1668 In
643 1629 907 1682 pentametro
956 1624 1154 1679 equidem
1203 1637 1370 1678 semper
1412 1624 1603 1678 suspicor
1645 1621 1880 1678 Sulpiciam
1923 1624 2140 1678 scripsisse

549 1696 731 1738 Arretini
766 1728 835 1745 ‚..
870 1696 972 1748 (affl-2¹.
1017 1694 1154 1746 Quare
1197 1696 1312 1736 enim
1354 1694 1422 1735 hic
1466 1692 1704 1735 ablativum
1748 1695 1938 1748 posuerit
1971 1708 1994 1735 a
2027 1698 2139 1736 certo

551 1774 649 1810 usu'
677 1769 765 1809 sine
798 1765 885 1808 ullo
918 1765 1119 1808 versiculi
1153 1767 1219 1807 sui
1251 1764 1555 1815 emolumento,
1588 1766 1722 1807 immo
1751 1779 1849 1806 cum
1881 1766 2139 1821 gravissimo

549 1839 714 1889 damno,
750 1836 973 1881 recedens?

611 1910 713 1962 Quis
753 1909 828 1951 ille
871 1910 927 1950 sit
961 1910 1034 1963 qui
1067 1908 1149 1950 sibi
1180 1907 1289 1949 illud
1323 1910 1442 1963 paret
1473 1907 1715 1962 periculum
1748 1911 1791 1949 et
1823 1921 1906 1962 quo
1937 1907 1982 1949 id
2014 1908 2140 1950 faciat

548 1981 724 2024 consilio
756 1983 849 2037 ipsa
880 1994 955 2022 nos
989 1979 1108 2021 docet
1138 1979 1405 2034 lepidissimo
1439 1980 1512 2034 qui
1545 1980 1736 2034 sequitur
1767 1978 2001 2021 versiculo:

727 2052 833 2103 Iam,
865 2052 1051 2092 nimium
1087 2050 1269 2092 Messala
1301 2052 1387 2092 mei
1420 2050 1622 2102 studiose,
1657 2051 1859 2106 quiescas.

547 2123 682 2175 Quam
727 2121 817 2165 vim
861 2121 971 2164 illud
1011 2121 1186 2162 studiose
1228 2121 1297 2162 hic
1330 2120 1483 2162 habeat
1516 2122 1688 2177 egregie
1720 2135 1794 2163 nos
1827 2120 1947 2162 docet
1978 2119 2138 2162 Tibulli

547 2194 758 2236 distichon
790 2193 902 2249 quod
933 2192 1060 2234 modo
1094 2194 1155 2234 ita
1189 2191 1462 2233 emendatum
1494 2191 1777 2247 protulimus:

728 2265 966 2319 Praecipiat
998 2267 1122 2305 natae
1155 2267 1293 2305 mater
1320 2262 1507 2304 studiosa
1542 2262 1644 2318 quid
1677 2266 1815 2318 optet:

788 2334 869 2377 Illa
901 2333 1019 2376 aliud
1052 2335 1193 2385 tacita,
1227 2335 1311 2375 iam
1347 2347 1438 2384 sua,
1471 2338 1614 2375 mente
1646 2337 1783 2389 rogat.

547 2405 914 2459 Quemadmodum
947 2404 1039 2446 illic
1071 2409 1221 2455 mater,
1258 2406 1317 2446 sic
1349 2405 1417 2446 hic
1450 2403 1653 2446 Messalla
1684 2404 1816 2458 inepte
1847 2404 2046 2445 studiosus
2077 2405 2137 2446 in-

547 2478 730 2528 ducitur,
776 2479 849 2532 qui
893 2476 942 2517 de
986 2475 1166 2518 muliere
1199 2479 1369 2517 matura
1402 2477 1486 2517 iam
1521 2477 1577 2517 sit
1610 2475 1818 2517 sollicitus
1851 2489 2027 2530 eamque
2061 2489 2136 2516 suo

546 2548 612 2590 die
645 2547 775 2590 natali
810 2562 882 2589 rus
916 2546 1122 2588 abducere
1155 2545 1260 2587 velit
1292 2560 1342 2587 ne
1375 2544 1501 2587 illum
1534 2560 1632 2587 cum
1662 2550 1851 2588 amatore
1879 2560 1954 2587 suo
1982 2545 2136 2587 laetius

545 2624 720 2674 peragat
753 2632 881 2673 quam
914 2619 1113 2674 gentium
1147 2615 1362 2671 Sulpiciae
1396 2616 1668 2671 Valeriaeque
1701 2617 1809 2658 ferat
1839 2617 2043 2672 gravitas.

605 2690 938 2744 Lepidissimum
967 2689 1081 2729 hunc
1108 2688 1406 2729 hexametrum
1434 2691 1698 2742 pentameter
1725 2688 1895 2742 excipit,
1925 2689 1998 2742 qui
2025 2701 2136 2729 nunc

545 2763 699 2802 misere
731 2764 954 2815 corruptus
987 2759 1300 2801 circumfertur.
1334 2758 1414 2799 Sed
1450 2759 1630 2800 minime
1662 2758 1711 2800 de
1745 2772 1792 2800 eo
1825 2757 2133 2813 desperandum

543 2831 726 2873 videtur.
765 2830 986 2887 „Optimi”
1022 2831 1135 2872 enim
1171 2829 1334 2871 codices
1367 2829 1469 2871 haec
1501 2829 1679 2871 habent:

725 2902 819 2943 Neu
854 2902 1134 2956 tempestivae
1168 2913 1289 2955 saepe
1321 2901 1554 2955 propinque
1587 2901 1693 2942 viae.

544 2973 658 3024 Quae
700 2975 899 3028 quoniam
943 2971 1066 3027 plane
1109 2977 1209 3013 sunt
1253 2985 1376 3013 sensu
1421 2985 1535 3013 cassa
1577 2970 1801 3013 videamus
1844 2970 1993 3026 ecquid
2034 2968 2137 3012 Itali

542 3044 661 3084 nobis
696 3045 855 3097 possint
889 3042 1099 3098 prodesse.
1134 3042 1194 3083 Hi
1227 3046 1370 3083 autem
1407 3056 1482 3096 pro
1514 3057 1589 3083 neu
1622 3041 1722 3083 dant
1752 3057 1843 3092 non,
1878 3041 1989 3097 quod
2022 3046 2162 3083 certe.

542 3128 615 3154 nos
648 3113 781 3163 docet,
824 3115 859 3154 si
892 3113 933 3154 id
967 3113 1142 3155 docendi
1175 3114 1304 3154 etiam
1340 3127 1502 3163 sumus,
1537 3111 1749 3168 praeclare
1781 3112 2013 3154 Robcrtum
2048 3112 2132 3154 Un-
