2320 3828
165 962 234 1014 IV,
272 962 326 1004 12

165 2138 235 2191 IV,
271 2137 295 2182 ¹7

930 377 983 416 5⁴.)

346 1032 408 1074 Ne
443 1033 521 1074 tibi
554 1033 649 1083 siin,
685 1046 778 1074 mea
810 1031 898 1082 lux,
934 1046 1063 1087 aeque
1095 1034 1182 1073 iam
1216 1033 1377 1075 fervida
1408 1047 1520 1083 eura,

406 1105 466 1145 Ac
499 1103 646 1145 videor
678 1117 835 1158 paucos
868 1108 963 1144 ante
997 1103 1124 1144 fuisse
1157 1103 1258 1153 dies,

346 1174 391 1216 Si
423 1176 650 1230 quiequam
684 1178 772 1216 tota
804 1175 1000 1216 commisi
1035 1173 1168 1215 stulta
1201 1175 1373 1217 iuventa

407 1245 540 1289 Cuius
572 1260 640 1287 me
673 1245 803 1288 fatear
837 1246 1092 1300 poenituisse
1126 1246 1278 1300 magis,

347 1316 556 1358 Hesterna
589 1330 716 1371 quam
751 1322 791 1358 te
824 1315 962 1358 solum
997 1315 1109 1370 quod
1143 1320 1264 1356 noete
1298 1315 1461 1370 reliqui,

407 1387 611 1429 Ardorem
643 1389 815 1443 cupiens
848 1385 1115 1428 dissimulare
1147 1400 1306 1427 meum.

929 2013 999 2055 VI.

345 2209 532 2252 Tandem
566 2210 683 2251 venit
716 2223 847 2257 amor,
882 2206 1050 2263 qualem
1084 2208 1236 2248 texisse
1269 2205 1419 2261 pudori

407 2281 542 2333 Quam
575 2280 754 2322 nudasse
787 2279 914 2321 alicui
949 2280 1004 2319 sit
1039 2277 1144 2318 mihi
1178 2277 1289 2318 fama
1321 2277 1457 2332 magis
1481 2276 1524 2327 ¹).

347 2351 530 2394 Exorata
563 2353 669 2393 meis
699 2350 826 2392 illum
861 2348 1073 2405 Cytherea
1105 2347 1300 2390 Camenis

409 2422 570 2464 Attulit
601 2424 645 2463 in
678 2427 872 2464 nostrum
907 2420 1185 2475 deposuitque
1219 2420 1375 2459 sinum.

347 2493 542 2536 Exsolvit
575 2494 780 2548 promissa
811 2491 974 2533 Venus:
1009 2503 1101 2530 mea
1132 2488 1289 2544 gaudia
1323 2492 1475 2538 narret,

408 2565 582 2607 Dicetur
613 2565 647 2605 si
679 2565 772 2618 quis
806 2577 883 2604 non
920 2561 1115 2603 habuisse
1149 2573 1234 2600 sua.

347 2635 441 2678 Non
475 2649 554 2690 ego
588 2635 767 2690 signatis
801 2634 1028 2688 quiequam
1062 2630 1260 2672 mandare
1292 2628 1461 2671 tabellis

405 2706 468 2748 Ne
487 2706 520 2758 2)
553 2705 670 2761 legat
701 2705 744 2746 id
776 2718 899 2746 nemo
933 2716 1060 2758 quam
1093 2715 1213 2742 meus
1246 2705 1341 2742 ante
1376 2699 1517 2749 velim,

345 2777 426 2819 Sed
446 2775 478 2827 ³)
511 2790 679 2831 peceare
711 2777 847 2823 iuvat,
882 2773 1026 2814 vultus
1059 2785 1306 2826 componere
1342 2771 1476 2812 famae

405 2846 582 2889 Taedet:
616 2861 714 2888 eum
748 2846 876 2901 digno
910 2843 1038 2898 digna
1070 2842 1200 2883 fuisse
1234 2841 1353 2882 ferar.

211 3031 242 3069 1)
270 3031 312 3061 De
337 3031 482 3060 contorta
506 3028 598 3059 huius
622 3027 682 3058 loci
706 3028 866 3058 structura
891 3036 918 3056 v,
943 3035 973 3066 p.
1000 3024 1050 3054 38.

209 3085 241 3124 2)
269 3086 312 3115 De
335 3083 482 3125 negativa
506 3082 661 3125 particula
685 3080 855 3112 abundanti
881 3091 908 3111 v.
935 3090 963 3120 p.
990 3080 1041 3109 39.

210 3141 242 3179 3)
267 3141 312 3170 De
336 3139 393 3170 hac
416 3137 572 3180 particula
596 3137 689 3168 metri
713 3146 803 3167 causa
827 3134 967 3166 adhibita
994 3144 1022 3164 v.
1047 3143 1076 3174 p.
1104 3132 1155 3162 39.
