2320 3828
1301 353 1358 395 42

534 475 677 516 foedus
720 473 839 516 est?'’
884 474 996 516 Satis
1041 489 1141 530 ergo
1185 475 1359 518 obscure
1391 480 1513 531 poeta
1545 476 1751 532 loquitur.
1786 478 1984 535 Suspicor
2014 479 2124 522 illud

529 546 697 599 primum
728 555 875 587 natum
900 560 920 587 e
943 546 1192 602 compendio
1211 534 1279 602 q‘sn
1300 549 1552 602 (quoniam).
1583 546 1707 591 Certe
1724 551 1998 605 aptissimum
2017 551 2124 593 foret

712 616 805 658 Hoc
839 618 1037 672 quoniam
1072 619 1215 659 iuncta
1249 622 1311 660 est
1344 617 1508 660 foedere
1541 623 1683 661 nostra
1715 619 1855 662 Venus

532 689 557 728 i.
578 701 611 728 e.
657 687 998 743 quandoquidem
1040 688 1119 730 hoc
1152 688 1314 731 foedere
1347 689 1479 731 semel
1511 704 1630 732 amor
1662 695 1804 733 noster
1836 696 1900 734 est
1931 706 2122 734 consum-

532 763 686 809 matus,
730 758 848 800 nulla
891 759 969 800 tibi
1015 773 1204 814 unquam
1248 761 1402 802 existet
1435 760 1581 816 paelex
1615 763 1736 804 cuius
1768 776 1893 805 causa
1927 763 2121 820 frangam

530 828 651 871 illud.
686 830 882 872 Etenim:

710 900 773 942 Tu
809 901 917 942 mihi
950 901 1037 943 sola
1069 901 1221 957 places,
1254 917 1328 944 nec
1361 904 1446 944 iam
1482 906 1522 945 te
1556 908 1720 959 praeter
1752 905 1794 946 in
1827 905 1931 947 urbe

770 972 972 1015 Formosa
1003 978 1067 1015 est
1099 973 1232 1015 oculis
1264 973 1353 1016 ulla
1388 974 1528 1030 puella
1561 977 1681 1017 meis.

588 1042 671 1084 Hic
705 1044 1002 1095 ἀπροσδόκητον
1035 1044 1143 1086 illud
1177 1060 1304 1087 suum
1338 1045 1651 1101 lepidissimum
1685 1047 1842 1102 profert
1874 1051 2018 1103 poeta:

709 1115 849 1171 Atque
883 1117 1051 1157 utinam
1084 1118 1218 1171 possis
1254 1118 1328 1158 uni
1362 1117 1470 1158 mihi
1505 1117 1613 1159 bella
1646 1118 1781 1160 videri

769 1186 1001 1242 Displiceas
1033 1186 1151 1229 aliis:
1186 1189 1245 1229 sic
1278 1202 1358 1244 ego
1392 1192 1512 1230 tutus
1545 1203 1627 1231 ero.

707 1257 780 1300 Nil
812 1273 917 1314 opus
949 1258 1113 1301 invidia
1145 1264 1221 1309 est,
1256 1259 1403 1316 procul
1436 1260 1546 1302 absit
1579 1259 1716 1316 gloria
1749 1260 1896 1317 vulgi:

769 1329 851 1381 Qui
884 1332 995 1386 sapit
1027 1332 1070 1372 in
1103 1332 1231 1372 tacito
1263 1331 1447 1387 gaudeat
1479 1331 1553 1373 ille
1586 1333 1695 1374 sinu.

528 1400 607 1442 Hic
635 1415 714 1457 ego
737 1401 869 1455 possis
897 1402 1262 1452 a„deterioribus”
1292 1405 1470 1459 sumpsi,
1502 1402 1787 1452 „meliorum”
1813 1418 1945 1456 posses
1966 1404 2121 1458 quibus

525 1474 791 1528 argumentis
834 1488 946 1516 nuuc
988 1474 1100 1516 docti
1133 1473 1359 1516 defendant
1392 1474 1572 1517 editores
1606 1476 1711 1516 scire
1743 1474 1887 1517 nolim.
1923 1475 2120 1532 Heynius

523 1548 634 1585 recte
658 1545 793 1597 possis
825 1544 971 1586 edidit.

583 1615 730 1671 Neque
763 1617 924 1657 mirum
958 1617 1025 1658 hic
1058 1616 1226 1672 prodire
1253 1618 1363 1658 ruris
1391 1621 1431 1659 et
1461 1616 1703 1659 solitudinis
1732 1622 1963 1659 amatorem
1991 1617 2117 1659 illum

524 1700 673 1728 verum
707 1688 1004 1743 sincerumque
1038 1687 1260 1729 Tibullum
1292 1702 1419 1744 quem
1454 1690 1676 1730 novimus:

703 1757 772 1800 Sic
804 1773 884 1814 ego
917 1761 1090 1800 secretis
1122 1774 1296 1815 possum
1332 1760 1432 1801 bene
1467 1761 1611 1802 vivere
1644 1759 1780 1809 silvis,

765 1829 855 1881 Qua
888 1829 1008 1871 nulla
1041 1830 1228 1872 humano
1263 1832 1318 1872 sit
1351 1832 1419 1872 via
1452 1833 1553 1872 trita
1586 1830 1704 1886 pede.

703 1900 767 1941 Tu
800 1901 910 1942 mihi
944 1916 1144 1943 curarum
1176 1903 1357 1957 requies,
1393 1907 1439 1943 tu
1473 1905 1592 1943 nocte
1626 1901 1695 1944 vel
1730 1905 1820 1943 atra

764 1972 929 2014 Lumen
962 1977 1005 2014 et
1036 1975 1079 2014 in
1113 1972 1212 2015 solis
1246 1978 1291 2014 tu
1326 1973 1433 2014 mihi
1468 1973 1593 2014 turba
1625 1972 1741 2015 locis,

521 2041 567 2082 In
611 2043 765 2098 quibus
810 2045 1003 2085 versibus
1046 2044 1114 2086 vel
1150 2059 1284 2085 unum
1317 2044 1427 2086 illud
1459 2045 1502 2085 in
1534 2045 1630 2085 solis
1665 2049 1707 2085 tu
1739 2044 1837 2085 milti
1871 2044 1985 2085 turba
2019 2044 2115 2085 loeis

521 2127 740 2155 summum
774 2114 917 2170 prodit
949 2115 1169 2157 artificem.

583 2185 730 2241 Neque
775 2188 917 2228 minus
960 2186 1183 2228 Tibullum
1226 2192 1416 2229 nostrum
1452 2187 1721 2243 agnoscimus
1744 2188 1797 2239 ‘in
1829 2187 1881 2228 iis
1916 2200 2022 2241 quae
2055 2200 2114 2228 se-

521 2262 733 2311 quuntur:

701 2328 824 2370 Nunc
856 2328 956 2371 licet
989 2344 1010 2371 e
1043 2328 1157 2371 caelo
1192 2331 1393 2371 mittatur
1425 2330 1560 2371 amica
1593 2328 1778 2378 Tibullo,

761 2399 965 2441 Mittetur
996 2401 1152 2442 frustra
1185 2400 1433 2456 deficietque
1468 2399 1622 2442 Venus.

519 2469 621 2512 Fere
655 2470 801 2512 eadem
834 2473 948 2512 enim
981 2486 1054 2513 nos
1085 2471 1229 2528 legere
1257 2473 1535 2513 meminimus
1563 2473 1604 2513 in
1634 2473 1844 2513 maiorum
1874 2470 2107 2527 elegiarum

519 2555 614 2582 una.
650 2542 782 2593 Quem
810 2541 953 2584 locum
982 2542 1110 2584 velim
1139 2547 1295 2584 norunt
1324 2557 1482 2592 omnes,
1513 2542 1598 2594 sed,
1630 2556 1727 2584 vere
1754 2542 1905 2592 dicam,
1935 2543 2111 2584 huiusce

519 2613 770 2655 verecundia
802 2616 941 2670 magis
972 2614 1080 2655 mihi
1113 2614 1252 2670 placet
1285 2628 1412 2669 quam
1444 2613 1561 2655 illius
1594 2615 1727 2655 nimia
1760 2613 1949 2655 audacia.

579 2683 807 2739 Additque,
843 2684 953 2740 quod
981 2687 1022 2726 111
1058 2685 1133 2727 tali
1168 2689 1422 2741 argumento
1458 2686 1609 2726 tritum
1643 2686 1746 2726 satis
1779 2691 1819 2726 et
1853 2683 2108 2736 obsoletum,

518 2756 836 2798 iusiurandum:

699 2827 814 2869 Haec
848 2828 923 2869 tibi
959 2832 1103 2870 sancta
1137 2831 1234 2869 tuae
1267 2827 1439 2870 Iunonis
1473 2829 1650 2869 numina
1682 2829 1790 2877 iuro,

759 2898 873 2950 Quae
905 2898 991 2940 sola
1023 2902 1119 2940 ante
1152 2898 1257 2940 alios
1291 2903 1355 2940 est
1388 2899 1496 2940 mihi
1530 2912 1686 2955 magna
1719 2898 1816 2940 deos

517 2968 588 3010 sed
630 2970 771 3024 ipsum
814 2968 921 3010 illud
956 2971 1107 3011 tritum
1140 2974 1182 3011 et
1215 2969 1452 3012 obsoletum
1485 2971 1523 3011 01
1556 2970 1728 3011 subiicit
1761 2983 1889 3011 unam
1923 2983 1972 3011 ex
2006 2968 2107 3019 illis,

518 3054 621 3095 quas
663 3040 764 3090 dixi,
809 3042 1009 3096 gemmis,
1054 3055 1160 3096 quae
1203 3043 1240 3083 si
1284 3041 1386 3096 quid
1421 3055 1610 3096 unquam
1642 3042 1687 3082 in
1720 3043 1809 3082 art-e
1841 3041 2007 3096 poetica
2039 3053 2107 3082 ex-

518 3113 629 3152 stitit
661 3111 765 3162 novi,
799 3111 868 3153 hic
901 3116 1011 3154 certe
1043 3111 1151 3153 illud
1187 3114 1371 3169 peperit:
