2320 3828
1275 345 1328 386 12

566 470 668 511 Fere
718 471 849 510 totam
896 468 982 508 iam
1025 465 1243 508 aureolam
1287 467 1489 521 exscripsi
1535 466 1733 522 elegiam.
1782 468 1876 511 Duo
1923 473 2091 510 tantum

506 544 731 596 supersunt
766 537 966 581 versiculi
998 537 1152 592 quibus
1185 537 1358 592 egregie
1391 536 1629 579 clauditur:

687 610 743 651 At
775 613 822 650 tu
856 608 1036 650 venandi
1070 607 1262 649 studium
1294 606 1474 649 concede
1507 609 1672 663 parenti

747 680 801 721 Et
833 678 940 721 celer
971 679 1014 720 in
1049 681 1215 720 nostros
1246 679 1337 733 ipse
1370 691 1536 719 recurre
1569 679 1700 720 sinus.

566 752 647 793 Hic
691 763 858 806 quoque
900 750 1172 805 agnoscimus
1214 747 1579 790 adolescentulum
1613 750 1686 804 qui
1717 749 1905 791 nondum
1938 751 2005 791 sui
2039 750 2095 791 sit

504 824 621 872 iuris,
654 823 787 862 immo
821 834 920 862 vero
950 821 1022 862 vix
1056 819 1256 861 robustus
1283 820 1386 861 satis
1413 822 1462 861 ut
1488 818 1719 861 identidem
1748 824 1911 875 patrem
1940 834 2095 863 venan-

506 898 591 935 tem
634 892 828 934 comitari
870 892 908 932 ei
948 890 1086 932 liceat.
1132 890 1199 940 Et,
1243 889 1356 945 quod
1393 889 1524 931 simul
1555 904 1629 932 nos
1662 889 1784 932 docet
1817 894 1952 933 totam
1987 891 2094 933 hanc

505 962 867 1005 narratiunculam
910 961 960 1003 de
1003 960 1215 1017 Sulpiciae
1259 959 1534 1016 Corinthique
1577 974 1720 1003 amore
1763 976 1845 1003 non
1877 961 1927 1004 de
1959 961 2094 1004 nihilo

504 1035 645 1076 fictam
688 1033 760 1075 sed
803 1047 854 1075 ex
896 1034 987 1088 ipsa
1029 1034 1121 1075 vita
1163 1036 1396 1088 sumptam,
1435 1031 1631 1074 videmus
1673 1030 1932 1074 Graeculum
1965 1032 2094 1074 illum

503 1107 742 1148 obscuriore
784 1104 873 1147 loco
906 1108 1070 1155 natum,
1105 1104 1178 1159 qui
1209 1107 1376 1159 patrem
1408 1103 1559 1146 habeat
1592 1103 1785 1146 venando
1819 1107 2092 1159 quaerentem

504 1179 682 1220 victum.

563 1248 708 1304 Longe
741 1246 859 1289 aliud
890 1249 954 1288 est
986 1247 1136 1288 tertiae
1168 1245 1372 1302 elegiolae
1405 1248 1733 1302 argumentum:
1777 1248 1970 1302 aegrotat
2002 1245 2094 1288 Sul-

504 1321 622 1376 picia.
667 1318 761 1360 Hoc
803 1321 1048 1360 ornamento
1090 1316 1234 1359 nullus
1266 1316 1374 1358 liber
1407 1317 1457 1359 de
1490 1330 1632 1359 amore
1664 1331 1804 1359 carere
1837 1321 1987 1372 potest,
2022 1317 2093 1359 sed

504 1391 599 1433 vide
632 1393 788 1446 quanta
819 1391 862 1431 in
896 1390 1114 1431 communi
1147 1403 1314 1444 quoque
1345 1387 1421 1430 illo
1455 1391 1583 1444 atque
1616 1388 1718 1431 adeo
1751 1387 1970 1430 decantato
2002 1387 2093 1430 loco

502 1464 557 1504 sit
588 1461 942 1517 praestantissimi
972 1463 1120 1516 poetae
1153 1473 1232 1502 ars.
1267 1459 1361 1502 Non
1395 1463 1629 1502 amatorem
1656 1459 1820 1501 inducit
1848 1462 2095 1515 querentem

503 1533 552 1575 de
594 1531 782 1588 periculo
826 1532 1032 1574 ambobus
1064 1532 1317 1573 imminente
1350 1530 1422 1573 sed
1454 1532 1545 1586 ipse
1576 1545 1651 1586 pro
1684 1532 1737 1572 iis
1770 1530 1958 1573 medicae
1991 1531 2094 1572 artis

502 1605 628 1646 deum
670 1605 853 1646 invocat.
896 1603 986 1645 Iam
1026 1605 1235 1658 quantum
1267 1601 1375 1644 illud
1409 1604 1465 1644 sit
1497 1601 1739 1658 periculum
1774 1605 1949 1658 apparet
1981 1615 2003 1643 e
2035 1615 2095 1643 re-

503 1677 705 1731 petitione
735 1688 862 1730 quam
895 1675 1086 1730 primum
1120 1674 1294 1716 exhibet
1324 1673 1557 1715 distichon:
1601 1715 1605 1720 ,

682 1746 774 1787 Huc
805 1746 899 1786 ades
932 1749 973 1787 et
1006 1749 1176 1787 tenerae
1210 1745 1377 1786 morbos
1409 1743 1574 1800 expelle
1607 1743 1775 1799 puellae

742 1817 835 1858 Huc
868 1818 974 1867 ades,
1008 1817 1177 1858 intonsa
1208 1816 1377 1858 Phoebe
1411 1815 1589 1871 superbe
1622 1829 1755 1857 coma.

500 1889 554 1931 Et
584 1893 803 1944 tamquam
832 1890 867 1930 si
895 1887 1087 1930 nondum
1115 1887 1296 1929 sufficiat
1323 1886 1411 1938 illa,
1442 1886 1681 1929 obtestandi
1700 1885 1844 1929 adiicit
1861 1885 2092 1928 formulam

686 1961 806 2001 Crede
837 1960 945 2010 mihi,
980 1972 1157 2014 propera

499 2033 526 2073 i.
546 2046 581 2073 e.
615 2029 702 2073 noli
735 2035 884 2086 putare
913 2044 981 2072 me
1009 2034 1106 2072 ante
1135 2033 1305 2085 tempus
1333 2032 1547 2071 metuere:
1588 2029 1855 2071 festinatione
1882 2042 1987 2084 opus
2014 2031 2090 2070 est.

500 2103 673 2158 Quoque
717 2103 854 2158 magis
900 2101 1028 2143 deum
1072 2105 1332 2157 permoveat,
1379 2115 1478 2143 eum
1512 2100 1713 2143 admonet
1748 2100 1929 2150 honoris,
1964 2113 2090 2154 quem

500 2189 610 2216 nunc
643 2176 775 2230 possit
809 2174 1021 2215 obtinere:

1135 2258 1210 2286 nec
1242 2247 1283 2285 te
1314 2245 1416 2294 iam,
1450 2243 1634 2294 Phoebe,
1669 2243 1835 2299 pigebit

680 2316 905 2358 Formosae
937 2315 1123 2357 medicas
1155 2314 1409 2371 applicuisse
1441 2328 1608 2357 manus.

499 2387 666 2429 Memor
697 2387 779 2437 hic,
813 2388 848 2428 si
881 2390 992 2428 recte
1026 2385 1161 2436 video,
1195 2389 1320 2441 poeta
1352 2389 1415 2427 est
1445 2384 1635 2428 locorum
1669 2384 1782 2440 apud
1814 2383 1918 2426 alios
1946 2385 2091 2439 poetas

499 2462 597 2510 (nou
629 2459 742 2500 enim
776 2457 889 2513 apud
920 2455 1138 2499 Lucilium
1172 2455 1310 2499 solum
1342 2455 1450 2498 illud
1479 2456 1583 2498 olim
1610 2455 1772 2498 lectum
1801 2455 1929 2496 fuisse
1958 2455 2086 2509 suspi-

499 2535 598 2580 cor),
638 2530 711 2571 ubi
743 2528 892 2584 Apollo
927 2543 969 2570 se
998 2528 1209 2581 pulchrum
1243 2528 1417 2583 quidem
1450 2528 1533 2569 dici
1566 2527 1637 2569 sed
1670 2541 1806 2582 neque
1841 2526 1922 2568 diis
1954 2539 2089 2580 neque

498 2601 742 2642 hominibus
770 2599 1056 2643 venerabilem
1083 2598 1219 2642 videri
1246 2600 1452 2654 queritur.
1488 2598 1618 2640 Plura
1647 2602 1747 2640 sunt
1774 2599 1817 2639 in
1845 2598 1923 2639 hac
1952 2595 2089 2652 elegia

500 2686 604 2727 quae
646 2671 793 2713 eodem
837 2670 1006 2713 tendere
1049 2670 1262 2720 videntur,
1307 2674 1348 2712 et
1381 2670 1556 2712 fortasse
1590 2668 1641 2711 ad
1674 2669 1781 2710 hanc
1811 2667 1954 2709 lucem
1987 2680 2085 2708 mox

497 2742 639 2784 locum
672 2742 883 2798 quendam
915 2745 1167 2797 corruptum
1199 2754 1345 2783 sanare
1377 2742 1625 2796 poterimus.

559 2814 670 2856 Tum
705 2814 807 2869 quid
842 2812 1031 2869 Apollini
1065 2814 1122 2854 sit
1153 2812 1395 2855 faciendum
1429 2813 1488 2853 sic
1518 2811 1795 2854 describitur:

591 2885 615 2926 5
679 2885 806 2926 Effice
838 2898 889 2926 ne
918 2886 1073 2926 macies
1106 2883 1313 2939 pallentes
1346 2886 1523 2937 occupet
1555 2886 1672 2924 artus

740 2955 833 2997 Neu
866 2958 983 2997 notet
1013 2955 1210 2997 informis
1244 2953 1400 3010 pallida
1432 2953 1624 2995 membra
1657 2951 1784 2995 color.

680 3026 732 3068 Et
766 3026 1048 3081 quodcunque
1081 3024 1185 3067 mali
1217 3029 1280 3067 est
1312 3028 1354 3066 et
1386 3024 1593 3080 quidquid
1626 3024 1747 3066 triste
1779 3024 2000 3072 timemus,

740 3098 788 3139 In
822 3096 999 3153 pelagus
1032 3096 1189 3152 rapidis
1222 3096 1374 3138 evehat
1406 3096 1543 3138 amnis
1574 3095 1707 3149 aquis.
