2320 3828
1329 351 1385 392 38

562 475 630 525 IV,
665 475 826 524 8-12,
872 475 997 529 qu’on
1032 473 1198 528 appelle
1232 472 1293 515 les
1327 472 1472 515 billets
1505 473 1555 515 de
1587 472 1789 529 Sulpicia,
1823 478 1866 515 et
1897 474 2002 516 dont
2034 475 2150 525 trois,

563 546 587 587 9
613 547 654 596 Γ),
691 544 812 595 102),
852 545 900 585 11
927 543 971 595 ³),
1015 548 1089 586 ont
1132 548 1336 599 pourtant
1378 559 1435 585 1111
1479 545 1687 587 caractere
1730 544 1990 600 epistolaire,
2035 545 2153 587 n'ont

486 608 495 616 ’
554 618 707 672 Jamais
749 616 814 657 ete
858 615 1044 671 envoyes
1086 616 1110 656 a
1155 613 1408 667 Cerinthus;
1443 629 1487 658 66
1521 620 1615 657 sont
1648 615 1718 657 des
1753 615 1962 666 effusions,
1998 615 2153 671 qu'elle

561 701 583 727 a
620 686 865 741 consignees
900 701 1005 741 pour
1039 685 1118 727 elle
1151 686 1304 737 meme,
1338 688 1447 728 mais
1480 685 1635 742 qu’elle
1668 686 1736 728 n‘a
1770 700 1843 742 pas
1877 687 1953 728 fait
1987 688 2097 728 tenir
2129 687 2153 729 a

559 756 819 798 l'interesse''
864 757 907 798 id
950 759 1010 798 ita
1039 771 1190 799 verum
1219 771 1308 799 esse
1336 757 1514 799 concedo
1542 761 1592 799 ut
1620 761 1761 799 tamen
1789 757 1956 800 credam
1984 759 2152 814 saepius

560 827 636 869 soli
669 841 691 868 a
724 826 811 869 sola
844 829 986 869 omnia
1020 827 1121 869 haec
1155 829 1330 870 recitata
1361 827 1571 883 epistolia.

622 897 742 939 Nunc
786 897 912 953 paulo
955 900 1194 940 accuratius
1237 913 1384 941 versus
1425 900 1512 941 iam
1556 901 1707 941 citatos
1749 900 2056 941 examinemus.
2105 899 2152 941 Si

559 983 687 1011 versu
735 969 754 1009 1
800 973 912 1011 recte
957 969 1086 1011 codex
1119 969 1154 1010 V
1188 971 1346 1023 pudore
1389 970 1459 1012 dat
1501 973 1561 1022 (in
1595 969 1692 1012 aliis
1726 974 1789 1012 est
1813 970 1998 1024 pudori),
2038 970 2152 1012 haud

560 1041 739 1082 dubium
773 1044 835 1081 est
868 1042 969 1095 quin
1003 1055 1128 1082 versu
1157 1041 1338 1083 secundo
1369 1041 1606 1096 recipienda
1633 1043 1690 1084 sit
1717 1040 1924 1084 Italorum
1952 1043 2152 1084 correctio

561 1111 700 1153 «minor.
735 1110 846 1152 Tum
881 1113 1024 1153 omnia
1056 1111 1150 1154 11166
1184 1117 1283 1154 sunt
1316 1112 1512 1155 clariora:

742 1181 930 1224 Tandem
962 1184 1084 1225 Venit
1115 1197 1233 1225 amor
1266 1183 1434 1238 qualem
1469 1185 1623 1225 texisse
1657 1184 1816 1239 pudore

802 1253 939 1305 Quam
972 1254 1152 1296 nudasse
1185 1254 1312 1296 alicui
1345 1256 1400 1296 sit
1434 1255 1545 1296 mihi
1578 1255 1690 1296 fama
1723 1256 1861 1296 minor

560 1325 588 1365 i.
609 1338 642 1365 e.
687 1323 825 1366 multo
867 1324 980 1366 malo
1015 1339 1203 1368 amorem
1238 1340 1384 1368 meum
1418 1325 1613 1381 proloqui
1646 1339 1775 1382 quam
1809 1325 1946 1367 celare
1979 1325 2151 1381 pudore,

561 1409 659 1437 nam
701 1395 864 1450 gloriae
898 1396 1005 1437 mihi
1038 1396 1144 1439 duco
1178 1397 1288 1452 quod
1321 1402 1499 1438 mutuus
1531 1396 1604 1439 ille
1637 1411 1755 1439 amor
1786 1398 1854 1439 sit.
1897 1396 1978 1438 Sed
2011 1402 2152 1438 metus

562 1471 623 1508 est
665 1481 716 1508 ne
757 1468 848 1522 ipsa
891 1467 1082 1523 Sulpicia
1125 1483 1206 1510 non
1252 1475 1342 1510 tam
1385 1470 1606 1524 perspicue
1648 1470 1703 1510 sit
1734 1467 1892 1510 locuta.
1932 1467 1978 1509 In
2012 1468 2152 1510 codice

563 1539 677 1579 6111111
712 1539 990 1581 Ambrosiano
1024 1554 1086 1581 vs.
1119 1540 1139 1581 1
1174 1540 1238 1581 bis
1263 1539 1426 1596 legitur
1452 1544 1493 1581 et
1521 1539 1652 1581 semel
1674 1541 1830 1593 pudore
1854 1540 1993 1588 habet,
2021 1538 2153 1581 semel

558 1610 723 1663 pudori.
758 1609 999 1652 Verisimile
1032 1625 1133 1667 ergo
1166 1612 1224 1652 516
1257 1610 1494 1667 Sulpiciam
1527 1613 1768 1666 scripsisse:

744 1680 933 1723 Tandem
968 1684 1085 1724 venit
1116 1697 1249 1732 amor,
1283 1682 1453 1737 qualem
1488 1684 1641 1724 texisse
1674 1682 1827 1737 pudori

806 1752 942 1804 Quam
974 1753 1154 1796 nudasse
1187 1753 1317 1796 alicui
1349 1755 1404 1795 sit
1436 1754 1546 1795 mihi
1578 1754 1690 1795 fama
1723 1754 1875 1809 magis.

563 1825 703 1878 Atque
750 1825 810 1865 516
854 1824 987 1866 edidit
1029 1823 1275 1875 Cartaltius,
1320 1828 1368 1866 ut
1410 1823 1646 1866 hiclateat
1679 1837 1848 1866 sensus:
1885 1825 2052 1879 „magis
2086 1837 2154 1865 me

562 1894 738 1949 puderet
781 1909 969 1938 amorem
1013 1910 1159 1938 meum
1203 1895 1337 1938 celare
1383 1910 1511 1951 quam
1554 1909 1665 1937 nunc
1707 1894 1868 1952 glorior
1911 1895 2023 1951 quod
2055 1909 2154 1937 eum

564 1965 832 2021 proloquar’ss
877 1966 1043 2018 Lateat,
1085 1969 1165 2018 aio,
1208 1981 1306 2009 nam
1350 1966 1568 2009 exsultans
1609 1966 1768 2023 gaudio
1812 1980 1855 2009 se
1896 1967 2035 2009 verbis
2068 1968 2156 2008 suis

562 2037 744 2092 impedit
776 2037 933 2079 mulier
966 2042 1008 2080 et
1040 2040 1177 2080 invita
1212 2037 1490 2081 Cassandram
1523 2039 1734 2080 imitatur.

625 2108 793 2150 Bonum
835 2110 996 2151 factum
1039 2110 1151 2165 quod
1187 2114 1329 2152 tamen
1362 2111 1556 2166 sequenti
1589 2109 1769 2152 disticho
1803 2113 1946 2165 aperte
1979 2124 2053 2152 nos
2087 2109 2157 2152 do-

563 2188 628 2220 cet
660 2180 761 2234 quid
795 2180 965 2222 tandem
999 2181 1161 2223 factum
1194 2183 1269 2223 sit:
1745 2232 1748 2234 ,

746 2250 929 2293 Exorata
962 2254 1068 2294 meis
1100 2252 1227 2294 illum
1262 2251 1474 2309 Cytherea
1507 2249 1705 2294 Camenis

808 2322 971 2364 Attulit
1003 2325 1046 2365 in
1079 2328 1276 2365 nostrum
1309 2323 1587 2379 deposuitque
1619 2324 1775 2377 sinum,

565 2392 713 2434 Minus
745 2398 856 2435 certe
890 2398 989 2435 sunt
1020 2397 1242 2450 perspicua
1275 2409 1380 2450 qnae
1414 2396 1560 2436 statim
1595 2395 1902 2436 subiiciuntur:

746 2464 943 2507 Exsolvit
975 2468 1182 2521 promissa
1213 2465 1379 2508 Venus:
1415 2480 1510 2508 mea
1542 2465 1699 2522 gaudia
1733 2469 1887 2516 narret,

807 2535 983 2578 Dicetur
1014 2539 1049 2578 si
1081 2539 1176 2592 quis
1209 2551 1290 2579 non
1323 2537 1519 2579 habuisse
1551 2551 1639 2579 sua.

564 2605 644 2647 Sed
671 2606 738 2647 hic
766 2608 858 2661 ipsa
884 2608 1118 2650 obscuritas
1148 2610 1285 2651 nescio
1312 2623 1439 2664 quam
1467 2608 1585 2650 affert
1613 2612 1896 2650 venustatem.
1926 2608 2019 2651 Hoc
2040 2610 2151 2651 enim

564 2678 645 2718 ista
681 2692 802 2727 „mea
942 2679 1047 2720 sua''
1083 2681 1164 2721 sibi
1197 2679 1308 2722 velle
1342 2679 1483 2735 aliquo
1518 2679 1689 2734 quidem
1721 2679 1864 2721 labore
1892 2679 1964 2721 sed
1993 2679 2039 2721 fit
2066 2694 2156 2735 per—

565 2749 762 2802 spicuum
800 2753 965 2792 tamen:
1006 2750 1095 2801 „nil
1133 2751 1292 2793 famam
1331 2765 1430 2793 curo
1466 2764 1742 2806 rumoresque
1779 2750 2026 2801 hominum;
2068 2752 2154 2792 scio

566 2820 679 2859 enim
708 2834 806 2861 cum
840 2823 1027 2863 maxima
1055 2821 1104 2864 de
1132 2836 1201 2864 me
1227 2822 1520 2878 indignatione
1547 2822 1633 2863 fore
1662 2836 1903 2864 sermones.
1926 2821 2154 2865 ..illarum

613 3013 643 3051 1)
668 3012 732 3043 Scis
757 3012 819 3044 iter
843 3023 880 3044 ex
904 3013 1009 3044 animo
1032 3012 1191 3045 sublatum
1217 3014 1309 3045 triste
1334 3013 1479 3056 puellae?

611 3068 642 3105 2)
669 3068 844 3105 Gratumst,
868 3078 995 3099 securus
1019 3069 1156 3100 multum
1179 3070 1260 3110 quod
1286 3069 1347 3100 iam
1372 3069 1430 3100 tibi
1455 3070 1492 3100 de
1517 3080 1565 3100 me
1585 3068 1591 3112 Ι
1613 3069 1790 3102 Promittis.

613 3124 643 3161 3)
669 3122 763 3153 Estne
788 3123 857 3160 tibi,
883 3124 1044 3161 Cerinthe,
1069 3126 1141 3154 tuae
1166 3124 1218 3166 pia
1242 3134 1316 3155 cura
1341 3124 1475 3166 puellae.
