2320 3828
571 1156 664 1213 DE
702 1154 1006 1213 TIBULLO
1048 1154 1290 1212 POETA.

196 1512 278 1565 Qui
321 1526 456 1567 nuper
499 1511 621 1554 docta
663 1525 761 1554 sane
805 1516 847 1554 et
889 1513 1053 1567 copiosa
1091 1511 1380 1566 disputatione
1414 1510 1723 1554 demonstravit

133 1582 356 1626 Tibullum
383 1584 540 1624 iniuria
568 1597 734 1638 semper
761 1585 904 1625 visum
933 1597 1022 1625 esse
1050 1597 1244 1624 amorum
1272 1586 1485 1624 cantorem
1512 1586 1723 1638 praestan-

135 1656 366 1705 tissimum,
410 1653 455 1695 F.
490 1654 696 1710 Iacobyus
738 1654 947 1708 professor
988 1653 1289 1703 Kieloniensis,
1331 1654 1367 1694 is
1410 1667 1508 1695 cum
1551 1655 1721 1695 omnino

132 1725 419 1767 fundamentis
446 1738 470 1766 a
497 1739 539 1766 se
566 1726 689 1767 iactis
706 1750 762 1755 —
782 1729 823 1767 et
850 1729 950 1766 sunt
977 1739 1023 1767 ea
1041 1724 1301 1766 solidissima
1318 1725 1646 1780 vastissimaque
1665 1749 1720 1755 —-

132 1797 234 1838 satis
266 1795 472 1838 confidere
503 1795 713 1846 videatur,
749 1795 893 1846 semel,
926 1797 1008 1837 nisi
1040 1809 1109 1837 me
1140 1794 1357 1851 legentem
1389 1793 1540 1836 fefellit
1566 1796 1720 1850 opinio,

131 1866 245 1908 haud
285 1866 439 1909 leviter
481 1866 674 1909 dubitare
716 1868 879 1922 incipit,
913 1866 1090 1922 ideoque
1122 1880 1226 1915 rem,
1260 1865 1371 1907 unde
1404 1865 1613 1908 dubitatio
1646 1865 1721 1908 illa

132 1938 335 1987 nascitur,
380 1937 514 1980 obiter
555 1937 854 1979 tantummodo
886 1939 1064 1993 attingit
1096 1940 1138 1979 et
1169 1951 1298 1992 quam
1330 1938 1521 1992 primum
1554 1936 1606 1979 ad
1639 1936 1721 1978 alia

133 2010 275 2050 omnia
306 2010 472 2051 transit.
507 2008 589 2050 Sed
621 2012 711 2050 tota
742 2007 818 2050 illa
849 2008 1081 2063 disputatio
1115 2007 1251 2063 qualis
1280 2009 1336 2049 sit
1362 2009 1553 2062 primum
1579 2008 1720 2049 viden-

133 2078 249 2120 dum.
300 2078 480 2134 Legitur
526 2080 570 2120 in
617 2078 761 2121 Musei
807 2078 999 2120 Rhenani
1046 2077 1130 2121 vol.
1176 2077 1231 2120 64
1275 2082 1317 2120 et
1362 2077 1431 2129 65,
1480 2077 1719 2133 impletque

131 2150 307 2205 paginas
341 2148 412 2199 86,
457 2153 499 2191 et
541 2151 740 2192 novimus
775 2151 950 2205 paginas
982 2148 1077 2191 illas
1110 2150 1357 2204 constipatis
1388 2148 1547 2191 literis:
1582 2150 1618 2190 si
1650 2163 1719 2191 eas

131 2221 183 2262 ad
210 2234 454 2261 mensuram
482 2219 679 2262 editionis
707 2219 885 2262 alicuius
915 2218 1192 2275 pervulgatae
1213 2219 1450 2268 referimus,
1479 2219 1561 2261 dici
1579 2223 1720 2274 potest

131 2292 199 2333 vir
241 2290 501 2332 clarissimus
544 2291 593 2332 de
634 2290 817 2347 singulis
860 2296 1007 2346 poetae
1049 2291 1242 2333 versibus
1285 2289 1383 2345 plus
1416 2294 1717 2346 quaternarum

132 2363 387 2417 paginarum
421 2363 714 2417 conscripsisse
747 2363 1117 2404 commentarium.
1151 2361 1215 2402 En
1248 2363 1450 2403 eximiam
1484 2361 1717 2403 doctrinam

132 2446 383 2487 summaque
426 2432 600 2488 dignam
635 2431 936 2474 admiratione!
980 2431 1061 2474 Sed
1095 2434 1188 2488 quis
1221 2447 1303 2474 non
1336 2437 1483 2487 sponte
1514 2432 1720 2489 intelligit

132 2507 312 2558 quantae
355 2502 481 2545 molis
524 2503 651 2545 fuerit
693 2503 743 2545 de
786 2517 861 2545 suo
904 2503 1043 2545 laudis
1085 2503 1256 2559 fastigio
1298 2507 1468 2558 poetam
1511 2502 1720 2559 depellere

132 2588 259 2629 quem
293 2577 358 2615 tot
389 2573 554 2615 saecula
587 2578 798 2616 amassent
831 2574 1094 2629 maximique
1126 2574 1336 2624 fecissent,
1371 2579 1412 2615 et
1444 2573 1494 2615 ad
1527 2574 1720 2615 abiectis-

132 2645 286 2685 simam
318 2643 440 2685 illam
475 2644 696 2687 detrudere
730 2645 955 2687 hominum
988 2645 1214 2694 nationem,
1249 2645 1322 2699 qui
1356 2643 1405 2686 de
1437 2658 1483 2686 ea
1514 2659 1557 2686 re
1590 2658 1718 2700 quam

131 2728 265 2770 neque
310 2716 450 2757 norint
491 2729 625 2771 neque
666 2717 872 2757 senserint
915 2729 1104 2771 unquam
1148 2730 1169 2757 e
1208 2716 1338 2758 variis
1373 2720 1499 2770 atque
1532 2716 1719 2771 undique

132 2784 320 2827 collectis
362 2784 527 2827 laciniis
568 2800 739 2828 canoras
781 2786 962 2829 conflent
1002 2784 1167 2842 nugas?
1213 2785 1269 2827 Et
1312 2786 1415 2841 quid
1457 2786 1507 2828 de
1549 2786 1718 2829 Tibullo

131 2870 207 2897 nos
250 2856 501 2905 iudicemus,
546 2858 581 2897 si
623 2871 775 2899 verum
818 2862 880 2899 est
923 2857 1035 2912 quod
1068 2857 1188 2899 docet
1222 2856 1430 2913 Iacobyus
1462 2870 1560 2898 eum
1593 2857 1718 2899 modo

132 2926 378 2976 Horatium,
412 2926 535 2968 modo
562 2927 835 2982 Propertium
863 2928 1100 2977 imitatum,
1128 2941 1296 2969 carmen
1324 2927 1505 2969 scribere
1533 2929 1719 2982 coepisse

132 2995 181 3037 de
226 3000 341 3038 vitae
385 2998 565 3038 rusticae
598 2997 814 3049 felicitate,
848 2998 920 3039 sed
951 3000 995 3039 in
1027 2997 1168 3040 medio
1200 2997 1344 3039 labore
1376 2997 1451 3039 illo
1484 2999 1625 3039 subito
1657 2999 1718 3039 in-

131 3066 358 3117 tellexisse,
403 3081 502 3108 cum
545 3082 595 3109 ex
628 3067 819 3110 distichis
850 3068 957 3110 illud
990 3072 1099 3110 esset
1131 3070 1430 3124 compositum,
1464 3070 1612 3123 utique
1644 3067 1719 3110 ali-

132 3138 233 3193 quid
280 3152 369 3180 esse
416 3138 687 3180 inserendum
735 3138 785 3181 de
832 3153 987 3190 amore,
1036 3143 1085 3181 ut
1132 3140 1245 3181 iusta
1286 3143 1529 3181 nasceretur
1567 3138 1716 3194 elegia,

1521 3220 1538 3249 1
