2320 3828
1327 353 1382 396 32

560 482 669 538 quod
713 479 918 524 Cartaltio
962 479 1128 534 probari
1172 479 1244 520 vix
1286 478 1369 532 ipsi
1413 476 1643 518 affirmanti
1680 476 1915 527 crederem;
1960 477 2150 532 suspicor

559 552 871 608 imprudentem
906 564 1005 591 eum
1036 550 1098 590 ita
1131 548 1322 590 edidisse.
1357 547 1460 599 Quis
1495 548 1609 589 enim
1642 561 1833 602 unquam
1863 551 1950 589 tam
1979 549 2150 602 ineptus

561 625 640 665 fuit
672 627 720 665 ut
752 624 810 663 sic
843 620 1113 676 loqueretur:
1151 618 1334 669 „natalis
1367 617 1442 660 ille
1475 618 1564 660 dies
1596 618 1714 660 nobis
1749 617 1902 660 natalis
1937 615 2149 674 agatur''?

559 694 668 736 Nam
712 706 809 735 cum
853 692 1044 746 proxime
1088 689 1310 745 praecedat
1342 703 1424 732 vox
1457 689 1604 740 natali,
1640 689 1700 731 nil
1737 690 1865 731 refert
1898 693 2044 730 utrum
2076 688 2150 729 ille

558 765 642 805 dies
690 778 741 806 an
784 763 856 803 ille
897 762 982 802 dies
1027 760 1179 802 natalis
1222 760 1405 816 legatur.
1450 759 1565 812 Quae
1609 759 1716 802 solet
1757 774 1846 802 esse
1879 760 2071 801 omnium
2104 760 2148 799 in

558 835 769 876 codicibus
809 834 1016 875 vitiorum
1061 845 1186 873 causa
1229 845 1276 873 ea
1320 831 1388 873 hic
1421 845 1588 886 quoque
1622 832 1815 873 exstitit:
1849 845 1953 871 mens
1985 829 2148 871 librarii

557 907 768 948 aberravit
811 905 871 946 ita
914 908 963 945 ut
1007 902 1278 952 vocabulum,
1325 902 1436 958 quod
1469 903 1507 944 61
1539 902 1736 943 sententia
1766 901 1848 944 loci
1883 900 2147 951 subiiciebat,

557 981 705 1032 sponte
748 989 769 1017 e
800 973 962 1017 calamo
996 975 1131 1016 exiret
1164 973 1425 1028 simulatque
1459 972 1716 1016 vocabulum
1749 972 1815 1014 illi
1849 972 1991 1028 aliquo
2024 971 2148 1013 modo

557 1046 695 1089 simile
733 1045 999 1088 scribendum
1035 1048 1157 1087 esset.
1201 1044 1312 1096 Quid
1346 1043 1545 1086 Tibullus
1578 1043 1763 1085 dedisset
1794 1042 1893 1085 Itali
1925 1042 2147 1085 viderunt:

550 1118 739 1173 (leniatis,
784 1132 858 1173 pro
901 1131 983 1172 quo
1024 1117 1096 1159 vix
1139 1119 1303 1171 poterat
1341 1117 1443 1171 quin
1477 1116 1528 1157 ab
1562 1117 1765 1158 oscitante
1795 1114 1966 1156 librario
1999 1113 2150 1155 natalis

556 1190 739 1231 daretur.
784 1189 872 1230 Aut
915 1191 1065 1229 natum
1110 1191 1173 1228 est
1215 1186 1331 1228 istud
1373 1186 1526 1227 natalis
1559 1200 1610 1228 ex
1641 1186 1899 1227 annotatione
1932 1183 2148 1228 vocabulis

557 1261 628 1302 ille
655 1261 738 1302 dies
766 1260 989 1315 adscripta.
1023 1257 1105 1300 Sed
1132 1262 1300 1313 recepta
1325 1257 1550 1300 Italiorum
1574 1259 1829 1300 correctione
1856 1271 1990 1299 unum
2017 1257 2148 1298 etiam

557 1336 711 1373 restat:
746 1335 794 1372 ut
826 1344 900 1386 pro
933 1334 1079 1382 affatur
1110 1329 1391 1371 rescribamus
1423 1333 1573 1382 affletur.
1613 1328 1707 1370 Non
1741 1329 1855 1370 6111111
1888 1328 2042 1370 fest-iva
2072 1325 2148 1368 illa

557 1403 680 1444 turba
707 1415 849 1457 quam,
878 1405 926 1442 ut
944 1399 1050 1442 olim
1070 1398 1231 1449 Clodia,
1251 1413 1395 1441 secum
1412 1398 1601 1455 Sulpicia
1619 1399 1758 1450 habet,
1777 1412 1990 1454 quamque
2009 1397 2148 1440 verbis

557 1474 729 1515 omnibns
762 1472 872 1514 nobis
905 1471 1132 1527 significat,
1168 1471 1411 1511 admonenda
1442 1473 1506 1512 est
1539 1473 1587 1512 ut
1619 1469 1812 1512 hilariter
1845 1468 1973 1511 illum
2007 1470 2148 1509 sumat

557 1545 683 1596 diem,
713 1547 862 1600 sponte
890 1543 934 1584 id
949 1542 1102 1599 faciet,
1131 1541 1244 1597 quod
1268 1541 1464 1583 futurum
1480 1540 1619 1597 lepide
1638 1542 1695 1583 sic
1713 1539 1903 1597 Sulpicia
1918 1539 2146 1596 praedicit:

738 1614 947 1657 Omnibus
978 1612 1054 1655 ille
1087 1612 1175 1654 dies
1207 1612 1326 1654 nobis
1358 1612 1538 1669 genialis
1570 1616 1736 1669 agetur.

556 1687 835 1729 Baehrensius
877 1699 952 1741 pro
993 1683 1068 1726 illo
1108 1683 1285 1737 yenialis
1327 1683 1468 1740 legere
1511 1683 1667 1726 maluit
1701 1687 1778 1725 tam
1811 1683 1952 1733 laetus,
1988 1680 2148 1723 scilicet

556 1763 605 1799 111
637 1757 791 1799 ultimo
825 1754 1011 1811 epistolii
1043 1769 1169 1797 versu

737 1828 819 1880 Qui
850 1841 924 1869 nec
957 1827 1151 1882 opinanti
1182 1839 1293 1867 nunc
1325 1826 1406 1868 tibi
1439 1826 1544 1868 forte
1575 1827 1694 1869 Venit

555 1900 623 1954 qni
653 1901 696 1941 iu
730 1914 844 1954 qnam
876 1901 1045 1940 mutare
1078 1900 1234 1953 posset.
1268 1896 1349 1939 Sed
1376 1896 1446 1938 hic
1473 1896 1586 1952 quod
1613 1896 1774 1939 codices
1800 1896 2002 1951 praebent
2029 1893 2146 1936 nullo

554 1969 716 2012 laborat
760 1971 867 2012 vitio
880 1982 889 2020 ;
934 1967 1044 2010 illud
1088 1971 1232 2010 autem
1277 1967 1488 2009 eiusmodi
1531 1971 1594 2009 est
1635 1971 1740 2010 uta
1773 1967 2037 2017 Baehrensio,
2073 1965 2146 2020 qui

555 2055 653 2082 cum
702 2040 899 2083 omnibus
947 2042 1114 2081 nostrae
1161 2039 1312 2080 aetatis
1355 2037 1616 2094 Italophobis
1658 2040 1795 2094 ipsam
1837 2052 1926 2080 rem
1970 2037 2020 2078 de
2063 2049 2146 2091 qua

555 2113 699 2168 agitur
740 2125 870 2167 prave
912 2111 1086 2166 accepit,
1130 2108 1319 2165 intelligi
1357 2123 1439 2151 11011
1482 2111 1683 2164 potuerit.
1730 2109 1812 2152 Hie
1851 2110 1966 2152 enim
1999 2120 2146 2150 versus

556 2182 624 2225 vel
668 2183 964 2225 firmissimum
1008 2181 1180 2236 praebet
1223 2185 1529 2236 argumentum
1573 2180 1622 2222 de
1655 2181 1839 2238 Sulpiocce
1870 2180 1939 2222 hic
1972 2180 2042 2235 agi
2078 2177 2144 2219 die

555 2253 699 2296 natali.
734 2254 906 2295 Etenim
942 2254 977 2294 si
1009 2256 1292 2308 exspectasset
1325 2250 1554 2294 Cerinthus
1585 2267 1696 2293 sunm
1723 2252 1836 2293 diem
1865 2250 2050 2293 natalem
2078 2249 2146 2291 ab·

555 2329 670 2367 sente
703 2324 895 2380 Sulpicia
929 2325 1095 2365 tristem
1129 2323 1229 2373 fore,
1264 2337 1345 2364 non
1374 2326 1517 2378 posset
1544 2322 1626 2364 dici
1654 2324 1692 2364 ei
1719 2323 1852 2364 venire
1875 2322 1963 2364 dies
1989 2319 2145 2363 natalis

556 2400 799 2438 remanente
826 2397 869 2436 in
898 2395 1001 2437 urbe
1029 2394 1233 2449 Sulpicia.
1263 2393 1419 2437 Contra
1446 2395 1481 2435 si
1506 2408 1660 2437 verum
1689 2398 1752 2436 est
1780 2393 1890 2449 quod
1907 2393 2028 2435 nobis
2046 2391 2143 2433 Itali

557 2468 757 2523 praebent
786 2492 839 2498 —
870 2471 912 2509 et
938 2468 1040 2522 quin
1068 2480 1219 2509 verum
1249 2468 1304 2507 sit
1332 2466 1519 2507 dubitari
1547 2467 1620 2521 qui
1648 2464 1813 2521 potest?
1833 2491 1887 2497 —-
1904 2465 2018 2506 idem
2035 2463 2143 2505 illud

557 2540 727 2594 egregie
756 2538 924 2580 dicitur.
954 2536 1061 2589 Quid
1091 2535 1230 2578 enim?
1259 2536 1348 2578 Iam
1366 2537 1496 2578 miser
1511 2535 1585 2578 ille
1603 2535 1943 2578 adolescentulus
1962 2548 2143 2590 magnae

555 2611 753 2651 tristitiae
771 2613 1019 2664 conceperat
1036 2609 1179 2650 animo
1195 2609 1451 2664 imaginem:
1476 2621 1518 2649 se
1536 2607 1750 2662 Sulpiciae
1769 2607 1835 2649 die
1852 2606 1985 2648 natali
2002 2605 2142 2648 solum

555 2681 598 2720 in
626 2680 729 2722 urbe
758 2680 858 2729 fore,
886 2679 962 2721 illa
988 2693 1060 2720 rus
1086 2678 1279 2720 abducta.
1310 2679 1364 2719 At
1394 2679 1534 2720 subito
1561 2678 1822 2720 laetissimus
1849 2677 1901 2719 ad
1927 2691 2026 2719 eum
2052 2690 2143 2731 per-

555 2750 690 2791 fertur
732 2752 908 2791 nuntius
951 2763 1244 2791 remansuram
1286 2748 1521 2804 Sulpiciam
1555 2748 1751 2804 diemque
1783 2747 1907 2790 illum
1941 2748 2023 2789 sibi
2056 2747 2142 2789 fore

556 2820 894 2864 festivissimum.
928 2820 1076 2863 Nonne
1107 2833 1253 2862 revera
1287 2834 1398 2862 nunc
1431 2835 1498 2861 nec·
1531 2819 1716 2873 opinanti
1749 2819 1856 2860 venit
1888 2818 1975 2860 dies
2005 2816 2104 2860 ille?

614 2965 864 3005 Amantium
907 2964 992 3005 irae
1034 2964 1189 3005 amoris
1231 2964 1475 3019 integratio,
1517 2962 1719 3018 nullaque
1762 2963 1967 3005 amatoria
1998 2962 2141 3005 fabula

555 3035 751 3075 omnibus
784 3038 846 3075 est
873 3035 1063 3076 numeris
1089 3032 1281 3075 absoluta
1308 3035 1388 3075 nisi
1415 3035 1526 3075 111161
1553 3037 1743 3076 amantes
1771 3035 1981 3075 exsistunt
2008 3035 2141 3089 suspi-

556 3106 694 3145 ciones
736 3106 877 3159 iurgia
920 3106 1048 3146 rixae.
1092 3103 1206 3159 Ergo
1249 3109 1291 3146 et
1324 3103 1538 3159 Sulpiciae
1572 3105 1770 3146 obiicitur
1805 3107 1943 3146 metus
1976 3118 2026 3145 ne
2059 3104 2140 3145 sibi
