2320 3828
973 373 1028 415 43

389 495 499 547 Quid
534 495 638 537 facio
673 494 872 537 demens?
905 497 1011 538 eheu
1047 512 1139 539 mea
1172 501 1348 554 pignora
1382 501 1493 542 cedo.

451 565 595 607 Iuravl
627 565 780 607 stulte:
815 567 1008 621 proderat
1040 570 1118 610 istc
1152 571 1277 611 timor

210 639 238 679 i.
258 652 293 680 e.
323 641 458 686 antea,
488 651 585 678 cum
614 638 764 678 timere
792 639 920 679 etiam
950 643 1114 693 poteras
1143 654 1193 681 ne
1220 655 1297 695 ego
1317 640 1541 696 aliquando
1563 656 1787 696 peccarem,

211 723 290 764 ego
314 707 626 763 quodammodo
654 722 825 749 securus
853 713 1041 764 poteram
1070 725 1171 760 esse,
1203 713 1376 766 pignore
1404 714 1515 753 enim
1538 719 1575 754 te
1596 714 1787 753 tenebam

212 780 474 829 obstrictam,
508 778 579 820 sed
612 793 723 820 nunc
754 778 861 820 illud
896 780 970 821 tibi
1005 782 1161 836 pignus
1194 782 1344 822 tradidi
1379 797 1527 837 meque
1558 782 1693 824 solum
1724 783 1789 824 ad-

211 851 364 892 strinxi
396 848 594 892 vinculo:

394 920 519 961 Nunc
553 924 600 961 tu
633 919 753 961 fortis
785 922 881 970 eris,
916 935 1025 963 nnnc
1059 925 1104 963 tu
1139 937 1206 964 me
1239 923 1436 964 audacius
1472 936 1586 964 ures:

455 990 548 1032 Hoc
582 992 744 1046 peperit
775 993 928 1033 misero
960 992 1131 1047 garrula
1164 992 1311 1048 lingua
1344 993 1520 1034 malum.

395 1061 484 1103 Iam
509 1061 656 1117 facias
688 1061 964 1117 quodcunque
997 1062 1126 1112 voles,
1162 1069 1260 1104 tuns
1294 1078 1423 1118 usque
1457 1064 1645 1113 manebo,

455 1132 541 1174 Nec
574 1133 738 1189 fugiam
771 1138 893 1174 notae
926 1135 1148 1175 servitium
1182 1134 1386 1176 dominae.

215 1204 475 1254 Dubiumne,
519 1203 702 1254 obsecro,
747 1217 835 1245 esse
879 1208 1016 1259 potest
1058 1206 1159 1259 quin
1191 1207 1281 1246 iure
1314 1204 1542 1247 Cartaltius
1575 1206 1790 1260 egregiam

216 1275 394 1317 Luciani
441 1273 643 1316 Muelleri
690 1276 976 1316 coniecturam
1012 1276 1156 1330 facias
1198 1290 1271 1330 pro
1305 1276 1466 1331 faciam,
1509 1277 1708 1330 receperit
1751 1277 1792 1316 in

216 1343 411 1388 textum?
454 1344 674 1387 Praeclara
714 1359 824 1386 nunc
867 1345 1038 1386 demum
1084 1348 1236 1395 omnia,
1280 1347 1350 1387 sed
1384 1346 1634 1401 praeclarior
1665 1347 1792 1386 etiam

215 1418 306 1472 ipsa
337 1417 536 1458 carminis
569 1415 780 1457 clausula:

399 1486 482 1528 Sed
514 1486 686 1528 Veneris
719 1490 884 1528 sanctae
917 1487 1129 1528 considam
1165 1489 1333 1529 vinctus
1366 1487 1413 1528 ad
1450 1501 1553 1528 aras.

461 1557 575 1599 Haec
608 1561 727 1599 notat
758 1559 940 1599 iniustos
972 1557 1315 1613 supplicibusque
1349 1558 1474 1599 favet.

218 1629 382 1684 Ecquid
420 1633 517 1671 ante
551 1627 691 1670 oculos
724 1643 834 1670 nunc
867 1629 993 1670 habes
1028 1633 1260 1671 amatorem
1293 1634 1454 1670 certum
1488 1630 1794 1682 sincerumque,

218 1701 290 1743 sed
333 1699 463 1742 simul
505 1701 712 1742 miserum
755 1704 795 1741 et
837 1700 887 1742 ad
931 1702 1149 1741 tristitiam
1192 1714 1438 1755 popensum,
1473 1701 1540 1740 cui
1573 1700 1662 1740 iure
1696 1712 1796 1739 suus

218 1775 383 1814 metuat
415 1771 619 1814 Horatius
652 1785 703 1813 ne
734 1770 958 1826 aliquando
992 1771 1041 1813 de
1074 1785 1116 1813 se
1148 1785 1316 1826 suaque,
1351 1772 1417 1812 cui
1455 1778 1576 1811 natus
1605 1775 1680 1819 est,
1709 1776 1795 1810 arte

219 1840 438 1898 desperet?

279 1984 401 2028 Solvi
438 1999 590 2027 nomen
623 1999 792 2027 meum:
829 1990 994 2040 poetam
1030 1986 1135 2026 mihi
1169 1984 1370 2026 dilectum
1404 1989 1451 2025 ut
1483 1985 1601 2039 potui
1633 1983 1796 2024 defendi

219 2070 242 2098 a
274 2057 403 2098 nimis
435 2070 579 2098 severo
608 2056 778 2098 iudicio.
812 2056 934 2098 Nunc
963 2070 1095 2097 unum
1123 2057 1200 2097 hoc
1228 2057 1356 2097 etiam
1385 2055 1488 2097 addo
1517 2059 1557 2095 et
1585 2055 1643 2095 sic
1672 2053 1796 2094 finem

220 2127 341 2169 facio.
390 2127 526 2183 Legat
574 2128 682 2168 mihi
731 2126 884 2182 aliquis
931 2127 1124 2182 deinceps
1173 2126 1277 2167 duos
1324 2125 1419 2167 illos
1468 2124 1577 2167 locos
1626 2138 1728 2179 quos
1776 2137 1797 2164 e

219 2198 454 2240 maioribus
501 2199 632 2241 citavi
674 2198 822 2254 elegiis
866 2198 934 2250 (de
976 2212 1050 2239 suo
1092 2199 1311 2252 repentino
1355 2196 1403 2238 ad
1448 2195 1614 2237 Deliam
1658 2194 1796 2235 reditu

221 2267 254 2318 I,
288 2268 328 2318 3,
349 2268 525 2311 83—94
570 2273 611 2311 et
654 2269 703 2311 de
736 2268 949 2311 sororcula
981 2269 1172 2310 Nemesis
1206 2267 1258 2317 II,
1296 2268 1333 2316 6,
1354 2266 1562 2315 29-40),
1596 2263 1795 2320 elegiolas

222 2339 272 2381 de
314 2339 505 2396 Sulpicia
548 2346 671 2396 (quae
715 2340 876 2382 Tibulli
918 2355 998 2381 non
1033 2354 1120 2381 esse
1153 2353 1232 2380 non
1266 2341 1471 2393 possunt),
1506 2338 1682 2391 denique
1715 2336 1797 2376 duo

220 2412 370 2453 haecce
405 2411 772 2467 „epigrammata”
911 2411 1107 2466 quamvis
1140 2411 1285 2465 magni
1317 2423 1484 2450 mecum
1521 2408 1797 2462 Iacobyanam

221 2483 349 2525 faciat
391 2483 642 2532 doctrinam,
693 2487 835 2524 tamen
877 2483 949 2523 vix
992 2483 1124 2522 risum
1169 2481 1326 2522 tenebit
1358 2494 1453 2521 cum
1487 2479 1639 2534 legerit
1671 2477 1796 2518 illum

221 2559 389 2610 poetam
422 2565 538 2595 MALO
571 2565 627 2595 AD
659 2566 702 2594 ID
736 2564 960 2594 DELAPSUM
993 2564 1123 2594 OMINE
1156 2562 1378 2593 CARMINUM
1411 2561 1545 2592 GENUS
1578 2561 1684 2598 QUOD
1720 2561 1798 2590 ΒΗΑ

221 2637 350 2668 IPSUM
381 2636 560 2667 INDOLES
592 2637 644 2666 ΕΤ
676 2636 842 2666 NATURA
879 2636 1071 2666 VETARET
1103 2620 1317 2664 TANGERE!
