2320 3828
931 399 956 439 3

149 521 260 562 dicas
302 534 422 562 arsne
465 521 599 561 maior
642 521 698 561 sit
741 533 792 561 an
824 521 995 570 veritas,
1030 535 1194 561 amorem
1226 520 1382 561 habent
1414 523 1731 575 argumentum,

147 605 230 633 non
262 592 397 646 ipsius
429 594 589 645 poetae,
625 590 696 631 sed
730 590 942 645 Sulpiciae
975 591 1195 632 cuiusdam
1228 595 1269 632 et
1298 589 1503 640 Cerinthi,
1534 588 1733 632 Graeculi

147 662 339 710 venusti;
383 660 456 703 sed
498 662 587 703 sive
628 664 750 716 poeta
782 660 1016 715 Sulpiciam
1048 661 1213 703 inducit
1244 660 1488 715 loquentem
1522 662 1610 702 sive
1642 662 1732 716 ipse

146 733 234 773 suis
276 732 416 774 verbis
457 745 646 773 amorem
689 733 780 773 01113
823 736 978 781 cantat,
1023 733 1165 773 omnia
1207 745 1374 786 semper
1407 733 1532 782 vitae,
1567 745 1733 786 semper

145 802 305 844 ardoris
347 801 469 857 plena
501 807 599 843 sunt
630 804 794 844 sinceri.
828 802 1021 844 Profecto
1055 802 1223 844 difficile
1257 802 1373 844 dictu
1407 810 1470 844 est
1502 804 1547 844 in
1581 807 1732 844 natura

144 887 300 924 rerum,
346 887 490 914 earum
527 875 774 928 praesertim
808 887 914 928 quae
946 873 997 914 ad
1031 878 1219 914 mentem
1253 873 1485 915 humanam
1519 875 1731 929 pertinent

1000 943 1101 998 quid
1134 945 1268 998 possit
1302 945 1403 985 oriri

324 1014 423 1069 quid
456 1017 650 1069 nequeat,
684 1013 804 1054 finita
835 1016 1018 1068 potestas
1051 1013 1230 1067 denique
1264 1015 1416 1068 cuique

323 1099 505 1140 quanam
537 1086 593 1126 sit
625 1085 788 1126 ratione
822 1088 949 1139 atque
983 1083 1067 1125 alte
1101 1086 1310 1125 terminus
1341 1084 1517 1126 haerens

142 1156 212 1197 sed
246 1155 324 1197 hoc
357 1155 552 1210 equidem
588 1154 844 1196 confidenter
876 1156 1242 1209 pronuntiaverim
1276 1154 1360 1196 tale
1392 1155 1578 1196 hominis
1612 1169 1729 1196 mon-

141 1231 277 1268 strum
320 1230 484 1267 exstare
525 1239 744 1280 nunquam
788 1226 988 1280 potuisse,
1034 1226 1107 1280 qui
1150 1225 1354 1280 quamdiu
1398 1224 1557 1267 alienos
1590 1229 1729 1267 cantet

140 1311 302 1339 amores
344 1311 488 1338 omnes
531 1298 721 1338 omnium
757 1294 1020 1337 saeculorum
1055 1299 1199 1352 poetas
1234 1303 1308 1337 aut
1341 1297 1483 1337 vincat
1515 1300 1589 1337 aut
1616 1300 1728 1338 certe

139 1369 398 1423 aequiparet,
440 1367 512 1409 sed
555 1365 815 1421 simulatque
857 1367 1050 1422 proprios
1092 1366 1265 1408 affectus
1297 1366 1349 1408 ad
1382 1366 1541 1422 elegias
1575 1367 1727 1408 referre

139 1440 316 1493 incipiat
358 1437 698 1480 adolescentulus
740 1437 812 1478 fiat
853 1438 1161 1492 ineptissimus,
1206 1439 1280 1492 qui
1324 1437 1475 1480 Orbilii
1518 1439 1583 1479 sui
1615 1437 1727 1480 locos

140 1513 279 1550 teneat
320 1511 364 1550 in
406 1513 691 1564 promptuque
720 1508 871 1549 habeat
905 1508 976 1550 sed
1009 1508 1109 1550 adeo
1142 1510 1278 1550 omnis
1311 1510 1367 1550 sit
1398 1509 1545 1550 iudicii
1578 1523 1727 1551 venus-

140 1581 324 1635 tatisque
368 1593 515 1635 expers
553 1583 601 1620 ut
632 1593 683 1621 ne
714 1578 814 1621 illos
847 1579 1019 1634 quidem
1051 1581 1164 1635 ipsos
1197 1584 1293 1634 apte
1325 1581 1458 1635 possit
1491 1580 1723 1636 disponere.

138 1649 231 1691 Non
264 1651 378 1691 enim
412 1650 489 1691 hoc
523 1648 677 1704 aliquis
708 1649 776 1690 hic
809 1651 942 1704 possit
974 1651 1041 1690 uti
1071 1650 1268 1705 perfugio
1300 1654 1349 1691 ut
1381 1649 1455 1691 alii
1489 1650 1570 1692 alia
1596 1652 1724 1692 aetati

136 1725 283 1775 poetae
327 1720 535 1762 adscribat
577 1721 785 1762 carmina:
819 1721 1020 1762 iuvenem
1053 1722 1167 1762 enim
1200 1723 1272 1763 vix
1305 1722 1484 1776 triginta
1516 1735 1723 1763 annorum

135 1792 287 1833 obiisse
320 1791 540 1833 Tibullum
575 1805 596 1832 e
629 1791 763 1832 Marsi
795 1795 959 1833 constat
991 1792 1132 1834 verbis
1154 1790 1207 1843 ¹):

316 1862 373 1903 Te
405 1876 570 1917 quoque
603 1861 782 1918 Virgilio
816 1864 1015 1904 comitem
1047 1877 1130 1904 non
1162 1876 1307 1917 aequa,
1341 1861 1525 1912 Tibulle,

375 1933 494 1974 Mors
527 1934 727 1975 iuvenem
761 1947 931 1989 campos
963 1934 1084 1974 misit
1115 1933 1166 1974 ad
1197 1932 1368 1988 Elysios

135 2007 190 2053 et,
223 2005 304 2045 nisi
337 2009 562 2054 constaret,
597 2009 738 2046 tamen
771 2004 850 2046 hae
878 2004 1096 2059 elegiolae,
1132 2006 1329 2060 quamvis
1361 2006 1446 2046 sint
1476 2005 1652 2060 perfecti
1679 2009 1720 2047 et

133 2075 418 2116 consummati
459 2079 620 2129 poetae,
662 2078 806 2116 tamen
847 2074 1082 2116 iuvenilem
1125 2089 1223 2130 prae
1265 2089 1307 2117 se
1340 2075 1481 2116 ferunt
1513 2075 1718 2126 ardorem,

133 2148 432 2199 auctoremque
461 2145 644 2200 produnt
670 2147 761 2187 eius
789 2147 938 2187 aetatis
967 2147 1089 2186 cuius
1116 2145 1199 2186 fuit
1215 2144 1410 2187 Tibullus
1429 2160 1528 2187 cum
1543 2145 1718 2196 librum,

133 2216 206 2269 qui
248 2217 290 2256 in
336 2215 590 2258 editionibus
637 2218 802 2271 primus
835 2220 911 2267 est,
946 2216 1086 2258 ederet
1116 2218 1159 2257 in
1193 2216 1346 2267 lucem,
1382 2217 1615 2258 secundum
1647 2221 1722 2259 aut

133 2285 272 2327 ederet
304 2290 378 2327 aut
410 2291 692 2342 componeret.

192 2357 284 2399 Non
330 2371 430 2413 ergo
472 2359 561 2399 sine
603 2372 728 2399 causa
770 2358 1051 2400 Baehrensius
1085 2358 1134 2400 de
1165 2357 1445 2415 elegiolarum
1477 2363 1718 2401 nostrarum

132 2432 254 2482 poeta
286 2427 388 2469 haec
419 2430 689 2483 pronuntiat:

194 2497 398 2553 „Gruppe
430 2499 635 2540 zweifelte
668 2499 786 2541 nicht
819 2500 947 2541 daran
981 2499 1074 2541 dass
1106 2502 1165 2542 sie
1197 2515 1278 2543 von
1313 2500 1493 2542 Tibull’s
1525 2501 1720 2543 Meister·

130 2569 241 2610 hand
273 2573 496 2611 stammen.
531 2569 670 2611 Allein
704 2570 771 2611 die
804 2569 1082 2627 Darstellung
1113 2573 1169 2612 ist
1201 2586 1251 2612 zu
1284 2571 1424 2626 ruhig,
1460 2586 1510 2613 zu
1537 2572 1718 2628 objectiv

129 2639 215 2680 und
259 2643 404 2696 streng
445 2654 495 2682 an
538 2641 605 2682 die
638 2640 770 2683 Sache
803 2641 889 2683 sich
924 2641 1098 2683 haltend
1131 2641 1191 2683 als
1225 2642 1318 2683 dass
1351 2656 1449 2683 man
1484 2642 1580 2684 deni
1614 2648 1718 2685 stets

129 2711 404 2765 subjectiven,
448 2715 552 2752 stets
596 2712 954 2754 abschweifenden
998 2712 1084 2754 und
1118 2727 1200 2754 von
1233 2713 1430 2754 einander
1462 2713 1717 2756 wiederstre-

129 2780 290 2822 benden
337 2780 548 2823 Gefiihlen
592 2783 665 2823 hin
706 2783 792 2824 und
824 2783 900 2824 her
931 2783 1200 2839 geworfenen
1233 2782 1376 2825 Tibull
1409 2798 1455 2825 so
1488 2788 1617 2826 etwas
1650 2799 1718 2826 zu-

128 2855 279 2893 trauen
311 2852 512 2894 konnte''.

189 2921 237 2962 In
283 2936 365 2976 quo
397 2924 730 2978 ingeniosissimi
764 2925 900 2966 critici
931 2924 1089 2966 iudicio
1123 2924 1235 2966 haud
1269 2939 1402 2979 pauca
1432 2926 1579 2966 insunt
1611 2939 1717 2980 quae

129 2992 323 3034 lubenter
365 3007 459 3035 mea
501 2994 620 3036 facio.
665 2995 850 3050 Egregie
894 2995 962 3036 hic
1006 2997 1094 3037 veri
1137 2995 1299 3037 Tibulli
1334 3010 1430 3037 vera
1464 2995 1717 3037 describitur

175 3147 206 3186 l)
231 3145 268 3176 V.
293 3145 482 3176 Cartaltium
508 3145 630 3176 Introd.
654 3156 680 3176 c.
707 3146 734 3177 l.
