2320 3828
924 372 976 414 31

159 510 311 552 gerum
344 510 418 551 pro
445 510 560 550 saepe
586 498 822 551 reposuisse
848 511 969 538 saeve.
1003 497 1150 539 Restat
1176 499 1470 552 intempesle‘vae
1504 502 1591 541 riae
1628 500 1736 556 quod

159 570 404 622 corruptum
447 580 535 609 esse
579 566 841 609 demonstrat
883 570 1099 623 genitivus
1141 569 1213 610 ille
1256 584 1278 611 a
1318 571 1433 612 1111110
1473 573 1737 614 substantivo

159 638 344 680 verbove
373 637 620 692 dependens.
655 638 720 678 An
747 641 948 693 putemus
975 639 1199 692 quie-scendi
1226 641 1402 682 verbum
1434 656 1620 696 unquam
1639 657 1735 683 cum

158 710 349 764 genitivo
382 708 511 750 fuisse
543 706 863 750 constructum?
897 708 978 750 Sed
1007 709 1074 750 hic
1101 711 1173 750 vix
1203 709 1290 752 ulla
1318 712 1605 753 emendatione
1633 727 1737 767 opus

159 782 244 820 est:
278 778 526 831 tempestivae
558 779 672 819 enim
705 782 855 819 natum
889 782 952 819 est
979 792 1000 819 e
1029 781 1254 831 tempestiva
1284 789 1314 831 (7,
1345 782 1454 836 quod
1483 796 1578 823 011111
1608 782 1737 824 semel

158 850 201 890 in
244 863 377 890 unum
422 848 679 891 vocabulum
724 848 960 899 (maluisset,
1005 849 1134 890 simul
1177 851 1291 891 istud
1333 852 1419 891 viae
1459 854 1632 908 peperit.
1676 853 1736 894 Ne

158 920 252 974 quis
283 923 426 961 autem
461 921 642 961 miretur
673 920 742 960 1110
777 919 947 961 1111111101
981 920 1189 962 adiectivo
1224 922 1471 974 tempestivus
1505 922 1599 963 addi
1632 922 1737 963 ‹lati-

158 1004 277 1040 vum,
321 990 433 1032 hunc
476 990 664 1032 exscribo
707 989 850 1032 10011111
883 1004 904 1031 0
940 990 1059 1032 Livio
1093 990 1157 1042 (V,
1195 991 1288 1042 12):
1337 994 1596 1040 „orationem
1633 997 1736 1034 tem-

156 1062 368 1116 pestivam
412 1061 462 1102 de
503 1060 724 1103 concordia
757 1060 999 1102 ordinum.''
1044 1060 1134 1102 Iam
1167 1060 1477 1117 lepidissimum
1512 1064 1561 1104 ab
1595 1064 1737 1104 inferis

156 1131 283 1173 rediit
314 1131 526 1186 Sulpiciae
560 1131 794 1173 distichon:

336 1201 428 1243 Iam
460 1203 658 1252 nimium,
692 1201 874 1243 Messala
905 1203 989 1243 mei
1022 1201 1220 1251 studiose,
1255 1204 1456 1257 quiescam,

397 1272 491 1315 Non
524 1274 779 1327 tempestiva
810 1275 885 1322 est,
919 1286 1040 1314 saeve
1072 1274 1318 1328 propinque,
1354 1275 1437 1315 via.

157 1342 244 1386 Cur
275 1347 419 1386 autem
452 1358 536 1385 non
569 1345 824 1399 tempestiva
857 1342 932 1385 illa
964 1345 1020 1384 sit
1053 1345 1123 1385 via
1154 1345 1244 1398 ipsa
1277 1344 1394 1385 docet
1426 1344 1527 1385 haec
1559 1343 1735 1385 addens:

336 1414 419 1456 Hic
452 1415 644 1456 animum
679 1428 908 1469 sensusque
941 1427 1056 1456 meos
1087 1414 1265 1455 abducta
1297 1413 1487 1469 relinquo

397 1485 583 1527 Arbitrio
618 1486 814 1540 quamvis
846 1499 928 1526 non
960 1485 1061 1525 sinis
1094 1498 1181 1526 esse
1214 1498 1320 1526 meo.

216 1555 299 1597 Hic
342 1556 539 1611 equidem
581 1555 794 1598 mordicus
836 1557 995 1597 retineo
1039 1555 1230 1597 codicum
1273 1556 1308 1596 A
1352 1559 1393 1596 et
1435 1554 1468 1595 V
1511 1555 1734 1597 lectionem

157 1627 332 1682 quamvis
374 1641 449 1682 pro
493 1640 575 1682 qua
609 1641 683 1668 0111·
714 1627 993 1668 Baehrensius
1025 1640 1046 1667 e
1079 1625 1216 1667 codice
1250 1624 1287 1668 G
1322 1627 1523 1680 receperit
1555 1627 1736 1680 quoniam

157 1711 225 1739 me
271 1698 400 1753 fugit.
448 1697 592 1739 Etiam
641 1699 785 1739 minus
832 1696 1027 1753 intelligo
1076 1711 1150 1738 cur
1196 1696 1306 1738 idem
1349 1712 1459 1751 quom
1501 1712 1557 1737 me
1599 1696 1735 1738 malit.

155 1768 394 1824 Egregium
424 1770 537 1810 enim
563 1768 670 1810 illud
697 1769 873 1824 quamvis
899 1769 979 1809 toti
1006 1767 1184 1809 disticho
1212 1768 1382 1822 praebet
1409 1782 1576 1809 sensum
1604 1769 1734 1809 hunc:

157 1841 351 1894 quamvis
379 1853 548 1895 operam
576 1839 647 1881 des
674 1844 721 1881 ut
748 1839 855 1880 mihi
883 1838 1044 1880 adimas
1071 1837 1325 1887 libertatem,
1344 1852 1557 1893 nunquam
1577 1839 1735 1894 poteris

157 1911 379 1965 prohibere
422 1911 652 1966 quominus
694 1914 836 1953 mente
879 1911 1103 1964 animoque
1141 1908 1230 1951 illic
1262 1911 1343 1950 sim
1376 1910 1448 1950 ubi
1482 1908 1732 1952 Cerinthum

157 1995 303 2023 meum
336 1995 424 2023 esse
457 1983 569 2024 novi.

218 2125 299 2168 Sed
342 2125 559 2168 sublatum
602 2139 691 2167 esse
733 2124 844 2166 illud
886 2123 1123 2179 periculum
1166 2137 1186 2164 e
1229 2123 1365 2177 primo
1408 2123 1491 2163 iam
1527 2124 1738 2177 sequentis

157 2198 359 2253 poematii
385 2198 677 2253 cognoscimus
703 2195 896 2237 disticho.
927 2193 1093 2237 Gaudio
1122 2194 1234 2235 enim
1263 2192 1476 2235 exsultans
1505 2197 1736 2235 amatorem

158 2282 285 2309 suum
316 2268 377 2309 ibi
408 2270 531 2324 rogat
564 2266 774 2323 Sulpicia:

399 2337 488 2380 Scis
518 2339 601 2380 iter
633 2352 682 2380 ex
715 2338 856 2379 animo
890 2335 1104 2377 sublatum
1139 2335 1259 2376 triste
1293 2332 1484 2388 puellae?

159 2408 393 2463 Additque:

341 2478 485 2521 Natali
518 2479 676 2521 Romae
709 2480 795 2520 iam
827 2477 927 2519 licet
960 2490 1048 2518 esse
1082 2485 1177 2517 Suo.

158 2549 279 2592 Laeti
309 2550 587 2605 lubentesque
618 2548 728 2591 illud
759 2564 828 2590 8210
861 2549 911 2590 ab
945 2547 1063 2588 Italis
1095 2546 1336 2600 recipimUS,
1370 2545 1495 2585 ceteri
1530 2543 1629 2584 dant
1658 2548 1736 2591 tuo,

160 2621 270 2663 unde
314 2625 413 2663 nata
454 2620 634 2662 absurda
673 2619 750 2661 illa
782 2620 909 2674 primi
942 2616 1226 2673 praecedentis
1260 2614 1443 2670 epistolii
1477 2613 1646 2654 distichi
1681 2615 1738 2654 in-

160 2693 421 2747 terpretatio,
465 2705 592 2747 quam
626 2691 750 2733 modo
782 2690 1038 2732 notavimus.
1074 2685 1312 2740 Gaudiique
1346 2686 1411 2726 sui
1443 2686 1598 2725 iustam
1632 2684 1738 2725 hanc

159 2763 318 2818 profert
350 2776 521 2805 causam
555 2763 711 2804 amoris
745 2760 868 2817 plena
901 2758 1077 2801 mulier:

340 2833 548 2875 Omnibus
579 2831 653 2874 ille
686 2832 774 2873 dies
807 2831 927 2873 nobis
958 2827 1135 2885 genialis
1169 2829 1331 2882 agetur,

400 2903 480 2956 Qui
513 2917 587 2945 nec
620 2903 810 2958 opinanti
841 2915 951 2942 nunc
984 2900 1061 2940 tibi
1094 2898 1198 2939 forte
1232 2898 1360 2938 venit.

158 2974 320 3016 Iterum
353 2975 421 3016 hic
455 2973 722 3029 „praeclara”
756 2971 958 3014 Italorum
992 2968 1068 3010 illa
1100 2967 1237 3009 elucet
1264 2966 1457 3020 „ope1·a'’.
1489 2964 1535 3006 In
1567 2963 1737 3014 „melio-

158 3045 303 3086 ribus”
337 3045 550 3087 codicibus
582 3045 738 3086 horum
771 3055 971 3085 versuum
1006 3040 1118 3094 prior
1150 3039 1208 3078 sic
1239 3036 1420 3091 legitur:

340 3114 550 3157 Omnibus
581 3114 654 3157 ille
689 3115 775 3156 dies
809 3113 928 3155 nobis
961 3108 1113 3152 natalis
1146 3110 1298 3163 agatur
