2320 3828
943 371 994 414 13

353 492 518 545 Sancte,
552 496 663 546 veni,
698 498 921 551 tecumque
954 496 1074 548 feras,
1109 498 1348 552 quicunque
1381 510 1546 552 sapores

414 566 663 622 Quicunque
695 571 736 609 et
769 572 916 609 cantus
948 582 1118 623 corpora
1152 568 1260 610 fessa
1293 567 1449 610 levant.

173 652 235 681 vs.
271 637 295 678 5
324 652 384 693 sq.
420 637 624 691 pallentes
659 639 963 691 ....pallida.
1007 638 1112 680 Tam
1151 640 1338 694 inoptam
1372 641 1669 694 repetitionem
1703 639 1754 680 ab

173 710 345 766 egregio
386 708 619 764 profectam
663 708 884 750 credamus
927 707 1078 764 poeta?
1122 709 1215 751 Non
1249 709 1426 751 credidit
1461 709 1753 756 Baehrensius,

172 793 306 834 neque
340 778 472 821 credit
504 777 747 829 Cartaltius,
782 779 853 821 sed
886 780 952 821 hic
986 785 1125 822 tamen
1161 782 1345 835 accipere
1379 795 1458 822 non
1493 780 1619 821 audet
1645 779 1755 835 quod

172 850 351 892 offerunt
377 850 411 891 οἱ
440 850 708 900 στιγματίαι,
736 864 995 906 quamquam
1024 852 1144 892 unice
1168 865 1317 892 verum
1342 850 1450 892 illud
1469 857 1549 893 est:
1569 851 1753 892 candida.

172 920 220 963 In
267 920 614 976 praecedentibus
662 923 834 977 egregie
878 921 1034 962 dicitur
1079 922 1219 971 „effice
1260 936 1311 964 ne
1355 923 1509 963 macies
1553 921 1756 977 pallentes

171 995 346 1047 occupet
378 991 523 1033 artus''
555 993 583 1032 i.
603 1005 637 1033 e.
672 991 786 1033 effice
818 1005 869 1033 ne
902 992 1089 1034 tabescat
1122 991 1405 1047 pallescatque
1438 991 1647 1048 Sulpicia3
1683 992 1754 1033 sed

170 1064 214 1105 in
247 1064 467 1105 enuntiato
509 1077 619 1113 „neu
652 1067 770 1105 notet
801 1063 996 1104 informis
1164 1065 1354 1106 membra
1388 1063 1527 1106 color”
1563 1065 1754 1105 substan-

120 1170 124 1178 .
172 1135 314 1177 tivum
360 1134 527 1174 membra
575 1133 793 1190 epitheton
840 1135 1019 1188 requirit
1061 1133 1170 1189 quod
1210 1135 1427 1187 oppositum
1471 1136 1525 1175 sit
1568 1133 1632 1175 1111
1673 1148 1754 1189 quo

171 1205 490 1247 substantivum
523 1206 630 1246 color
656 1208 842 1246 ornatur.
877 1203 1059 1245 Nullum
1090 1209 1231 1246 autem
1262 1206 1401 1260 aptius
1428 1218 1553 1260 quam
1582 1205 1755 1245 eandida

169 1275 279 1317 illud
320 1274 599 1326 „Italorum'’.
649 1276 828 1316 Candida
869 1276 1035 1316 membra-
1066 1275 1270 1317 formosae
1305 1280 1403 1317 sunt
1435 1277 1617 1331 virginis
1649 1277 1753 1317 intc-

170 1347 344 1403 grisque
374 1345 561 1388 florentis
592 1347 758 1388 viribus
790 1348 988 1402 corporis.

231 1416 364 1459 Versu
407 1418 434 1458 8
482 1418 731 1472 quantocius
783 1418 1014 1472 recipiatur
1067 1416 1235 1459 Heinsii
1291 1416 1528 1459 emendatio
1576 1418 1752 1459 devehat.

170 1488 266 1530 Non
298 1489 425 1538 enim,
470 1492 518 1529 ut
553 1489 716 1542 opinor,
739 1488 866 1542 fluvii
897 1492 961 1529 est
993 1488 1148 1528 evehere
1180 1487 1251 1529 scd
1284 1488 1389 1528 venti
1422 1487 1627 1543 quidquid
1661 1488 1754 1530 leve

171 1563 234 1601 est
265 1560 311 1600 in
343 1560 558 1601 montium
591 1558 781 1601 tollentis
813 1561 1045 1601 cacumina.

231 1630 410 1685 Propter
441 1629 694 1673 Cerinthum
727 1644 769 1672 se
803 1630 904 1672 haec
938 1632 1098 1686 precari
1131 1631 1189 1671 sic
1222 1633 1345 1685 poeta
1378 1628 1581 1671 declarat:

352 1702 446 1744 Neu
478 1703 680 1745 iuvenem
711 1706 873 1757 torque,
907 1703 1063 1743 metuit
1096 1702 1169 1756 qui
1201 1701 1285 1742 fata
1318 1699 1482 1755 puellae

411 1772 600 1828 Votaque
635 1787 710 1828 pro
745 1772 915 1814 domina
947 1774 1020 1814 vix
1053 1770 1312 1813 numeranda
1345 1771 1458 1813 facit.

351 1842 571 1885 Interdum
605 1846 745 1894 vovet,
778 1842 991 1884 interdum
1025 1841 1136 1897 quod
1166 1841 1368 1897 langueat
1400 1840 1473 1882 illa

413 1914 528 1956 Dicit
557 1915 600 1955 in
634 1918 824 1956 aeternos
856 1927 1000 1968 aspera
1031 1913 1157 1955 verba
1190 1912 1301 1954 deos.

232 1983 314 2025 Sed
347 1985 488 2026 subito
521 1984 572 2026 ad
603 1986 747 2040 ipsum
779 1998 1005 2026 conversus
1038 1982 1288 2026 Cerinthum
1324 1983 1381 2023 sic
1414 1982 1581 2037 pergit:

235 2054 289 2096 15
353 2056 468 2098 Pone
502 2059 668 2097 metum
702 2054 923 2098 Cerinthe:
961 2054 1062 2096 deus
1096 2068 1179 2095 non
1210 2052 1340 2094 laedit
1371 2058 1560 2094 amantes

413 2125 478 2168 Tu
509 2126 634 2169 modo
668 2140 833 2181 semper
864 2138 982 2167 ama:
1017 2123 1132 2166 salva
1164 2123 1305 2179 puella
1336 2123 1414 2164 tibi
1446 2127 1521 2164 est.

233 2195 287 2238 21
352 2196 426 2239 Nil
459 2211 564 2253 opus
598 2201 660 2240 est
693 2197 819 2239 fletu:
854 2195 1042 2238 lacrimis
1076 2196 1156 2236 erit
1188 2196 1329 2249 aptius
1361 2195 1423 2235 uti

413 2268 458 2309 Si
491 2268 657 2324 quando
689 2268 819 2309 fuerit
852 2268 1015 2308 tristior
1046 2264 1119 2307 illa
1152 2265 1242 2306 tibi.

235 2336 289 2380 17
354 2339 411 2379 At
442 2353 553 2381 nunc
585 2342 672 2380 tota
704 2342 778 2379 tua
810 2342 885 2387 est,
921 2341 962 2378 te
995 2335 1132 2377 solum
1165 2334 1338 2377 candida
1372 2348 1514 2375 secum

414 2408 599 2466 Cogitat,
634 2414 675 2451 et
706 2410 864 2451 frustra
896 2406 1066 2450 credula
1098 2408 1221 2447 turba
1254 2405 1382 2447 sedet.

232 2479 352 2522 Hanc
395 2494 600 2522 versuum
641 2481 1026 2536 transpositionem,
1060 2491 1187 2533 quam
1220 2478 1408 2518 numeris
1441 2476 1595 2518 additis
1627 2476 1756 2531 signi-

173 2550 308 2602 ficavi,
340 2566 464 2594 nemo
490 2553 623 2594 nostri
651 2553 852 2607 temporis
878 2550 1088 2592 editorum
1120 2553 1206 2590 tam
1237 2552 1362 2590 tenax
1391 2552 1451 2589 est
1480 2546 1625 2588 traditi
1654 2547 1754 2601 quin

173 2620 367 2665 lubenter
410 2623 460 2665 ab
505 2622 681 2673 „Italis”
726 2623 915 2677 recipiat.
960 2620 1066 2662 Tam
1110 2619 1248 2660 multa
1282 2624 1453 2673 tamque
1485 2619 1657 2673 egregia
1688 2616 1755 2658 illi

172 2694 294 2735 nobis
335 2695 419 2736 viri
461 2695 548 2735 iam
581 2694 843 2736 donaverunt
875 2696 923 2734 ut
956 2693 1058 2733 satis
1091 2691 1237 2732 mirari
1270 2704 1351 2731 non
1384 2690 1541 2744 possim
1575 2702 1648 2729 cur
1681 2687 1754 2729 ho-

173 2763 307 2806 dierni
336 2763 545 2820 philologi
578 2779 699 2820 saepe
731 2766 859 2806 etiam
887 2762 1123 2804 lenissimas
1153 2774 1297 2802 eorum
1326 2759 1637 2801 emendationes
1666 2762 1753 2799 tam

172 2836 294 2877 anxie
325 2836 476 2877 vitent.
510 2835 644 2887 Quod,
679 2848 845 2890 quaeso,
876 2837 940 2875 est
965 2831 1081 2874 istud
1108 2828 1371 2886 periculum?
1398 2830 1465 2870 An
1492 2843 1641 2871 verum
1667 2841 1754 2869 esse

173 2905 298 2947 desiit
324 2905 434 2960 quod
459 2907 695 2948 innumeris
722 2906 907 2947 excussis
934 2902 1147 2945 codicibus
1166 2901 1459 2956 pronuntiavit
1476 2899 1753 2941 Baehrensius

173 2975 281 3027 (Tib.
314 2975 450 3018 Praef.
484 2991 524 3032 p.
556 2980 644 3027 Ix):

234 3060 361 3096 „sane
402 3047 516 3089 haud
557 3061 651 3089 raro
686 3046 901 3100 praeclara
944 3059 1062 3097 opera
1099 3041 1357 3097 corruptelas
1390 3043 1581 3096 antiquas
1614 3045 1752 3082 sustu-

171 3115 370 3158 lerunt''?
