2320 3828
985 379 1035 419 51

278 646 560 702 Aliquatenus
589 646 785 690 Tibullus
817 652 1086 705 cognoscitur
1116 666 1165 694 ex
1199 655 1249 694 iis
1279 668 1383 709 quae
1414 656 1463 696 aul
1497 671 1593 698 eum
1628 660 1795 714 scripsit

866 816 1151 860 HORATIUs

890 917 985 974 Epl.
1016 919 1048 970 I,
1083 920 1122 962 4.

397 1083 509 1135 Albi,
542 1088 782 1126 nostrorum
815 1098 1059 1127 sermonum
1091 1086 1266 1129 candide
1298 1088 1437 1139 iudex,

395 1154 503 1206 Quid
538 1168 649 1196 nunc
681 1159 722 1196 te
754 1155 890 1197 dicam
923 1156 1057 1198 facere
1088 1158 1131 1198 in
1166 1159 1333 1213 regione
1366 1159 1559 1201 Pedana?
1583 1160 1612 1211 ¹)

394 1225 584 1268 Scribere
617 1225 728 1281 quod
762 1224 880 1269 Cassi
912 1227 1153 1269 Parmensis
1185 1229 1384 1284 opuscula
1405 1228 1438 1280 ²)
1473 1232 1613 1272 vincat

396 1297 462 1338 An
496 1298 675 1338 tacitum
708 1296 838 1339 silvas
869 1299 979 1339 inter
1012 1303 1174 1354 reptare
1202 1299 1381 1341 salubris

396 1366 626 1410 Curantem
661 1368 866 1423 quidquid
899 1368 1079 1425 dignum
1114 1371 1299 1425 sapiente
1334 1371 1520 1426 bonoque
1553 1377 1615 1413 est
1634 1371 1692 1423 Ὗ.)

395 1438 489 1480 Nou
522 1442 571 1480 tu
605 1453 756 1494 corpus
788 1453 879 1481 eras
911 1441 999 1481 sine
1032 1444 1222 1495 pectore:
1259 1441 1300 1482 di
1334 1442 1410 1482 tibi
1443 1442 1620 1484 formam

397 1509 451 1551 Di
485 1510 564 1552 tibi
598 1510 770 1552 divitias
789 1510 822 1562 4)
856 1510 1060 1552 dederunt
1092 1515 1309 1566 artemque
1342 1513 1522 1554 fruendi.

397 1580 507 1632 Quid
540 1585 696 1623 voveat
728 1580 843 1622 dulci
875 1581 1088 1623 nutricula
1121 1584 1259 1623 maius
1278 1583 1310 1633 5)
1344 1582 1528 1632 alumno,

397 1651 479 1703 Qui
512 1665 656 1707 sapere
687 1655 728 1692 et
760 1652 839 1693 fari
871 1654 1005 1707 possit
1038 1666 1143 1708 quae
1174 1653 1380 1705 sentiats’)
1413 1659 1454 1695 et
1485 1656 1553 1695 cui

399 1720 549 1764 Gratia
580 1722 706 1772 fama,
742 1722 939 1764 valetudo
971 1725 1190 1779 contingat
1222 1724 1388 1765 abunde

397 1793 453 1835 Et
486 1793 671 1834 mundus
707 1794 841 1835 victus
875 1808 955 1835 non
988 1794 1203 1836 deficiente
1237 1794 1455 1836 crumina?

396 1864 512 1906 Inter
543 1879 661 1920 spem
695 1878 937 1920 curamque,
972 1867 1145 1906 timores
1176 1867 1289 1906 inter
1321 1870 1361 1906 et
1392 1867 1475 1907 iras

397 1934 578 1978 Omnem
611 1935 731 1977 crede
762 1935 875 1977 diem
908 1935 986 1976 tibi
1017 1935 1220 1977 diluxisse
1252 1949 1521 1991 supremum:

397 2004 530 2049 Grata
562 2007 833 2061 superveniet
865 2020 970 2061 quae
1003 2020 1083 2047 non
1117 2006 1354 2061 sperabitur
1385 2007 1498 2048 hora.

398 2077 469 2119 Me
502 2078 708 2133 pinguem
741 2081 782 2118 et
814 2076 999 2118 nitidum
1033 2077 1136 2118 bene
1169 2081 1312 2118 curata
1346 2081 1440 2118 cute
1474 2078 1596 2127 vises,

396 2147 507 2191 Cum
539 2148 674 2190 ridere
708 2147 824 2190 voles
855 2148 1029 2204 Epicuri
1060 2147 1109 2189 de
1141 2161 1271 2203 grege
1304 2161 1490 2202 porcum.

263 2590 292 2629 1)
318 2589 432 2620 Pedum
454 2598 552 2630 prope
579 2587 699 2624 Gabios,
724 2585 774 2617 ubi
799 2588 890 2617 natus
914 2584 1067 2616 Tibullus.

259 2644 291 2684 2)
315 2644 414 2675 Cassii
433 2642 612 2674 Parmensis
633 2642 782 2684 opuscula
803 2651 881 2683 quae
902 2640 952 2671 hic
972 2640 1187 2680 significantur
1207 2640 1279 2668 sunt
1300 2637 1491 2678 traqoediae.
1512 2636 1616 2667 Iocose
1640 2637 1792 2667 Horatius

213 2700 304 2742 fingit
338 2699 472 2730 amicum
507 2699 637 2740 propter
673 2697 824 2738 Glycerae
855 2695 1017 2738 perfidiam
1049 2694 1175 2725 missam
1206 2692 1311 2723 fecisse
1342 2692 1472 2733 elegiam
1504 2691 1605 2722 levem
1636 2701 1728 2732 seque
1752 2691 1790 2722 ad

213 2755 332 2798 grande
353 2753 522 2786 contulisse
546 2763 684 2784 carmen.

260 2812 291 2851 3)
319 2811 484 2841 Οιιναηιενη
508 2819 534 2839 e.
549 2819 578 2849 q.
592 2818 616 2838 s.
647 2822 678 2834 =
708 2817 834 2848 operam
860 2806 985 2836 dantem
1010 2803 1238 2846 philosophiae.

258 2866 291 2905 4)
314 2864 472 2901 Divitias;
497 2862 613 2903 insigni
635 2861 777 2903 exemplo
798 2861 848 2891 hic
869 2869 975 2891 versus
996 2859 1084 2889 docet
1106 2859 1203 2888 locum
1223 2866 1286 2887 esse
1306 2866 1490 2887 communem
1510 2855 1534 2885 si
1557 2860 1647 2896 poeta
1660 2855 1791 2886 Latinus

214 2920 360 2963 queritur
391 2921 558 2961 paternum
587 2927 701 2958 agrum
726 2926 817 2947 suum
842 2917 1025 2956 occupatum
1053 2924 1069 2943 a
1094 2911 1257 2943 veteranis.
1283 2911 1352 2952 lpse
1376 2911 1458 2941 enim
1482 2909 1625 2940 Tibullus
1652 2910 1678 2947 1,
1706 2910 1788 2947 1,19

214 2987 246 3007 se
266 2975 430 3006 dominum
454 2972 532 3004 dicit
547 2971 661 3013 felicis
683 2971 837 3012 quondam
861 2980 942 3000 nunc
963 2968 1114 3009 pauperis
1133 2967 1216 3008 aqri.

261 3032 292 3070 5)
328 3028 411 3065 Quid
441 3028 541 3059 maius
571 3026 768 3057 referendum
801 3024 1022 3055 tantummodo
1052 3023 1088 3053 ad
1119 3024 1216 3053 artem
1232 3020 1381 3062 fruendi,
1406 3029 1476 3050 nam
1497 3023 1616 3060 pectus,
1635 3019 1793 3060 formam,

0 3083 7 3109 ⁵*
213 3085 346 3118 divitias
369 3083 507 3115 versibus
529 3082 584 3124 qui
605 3091 710 3122 sapere
734 3098 776 3103 —
799 3079 939 3111 crumina
963 3080 1053 3120 poeta
1077 3077 1176 3108 fusius
1200 3075 1348 3117 explicat.

260 3141 291 3181 6)
315 3140 428 3182 Sapere
451 3141 480 3170 et
494 3137 571 3180 fari
592 3147 671 3179 quae
693 3135 812 3167 sentiat
834 3134 860 3165 is
883 3136 984 3176 potest
1009 3132 1061 3174 qui
1087 3141 1203 3173 pauper
1227 3140 1287 3160 non
1313 3131 1370 3160 est.

0 2723 9 2858 -ww—-w
0 2703 3 2710 ἡ

0 3067 4 3077 -
0 3038 3 3043 v
0 2863 8 3005 -v-a—r*
