2320 3828
1005 328 1029 370 7

461 447 619 499 Quisve
652 462 793 490 meam
827 454 980 500 teneat,
1015 455 1119 505 quot
1152 456 1343 494 teneatve
1378 452 1526 495 modis.

397 517 514 560 Tunc
548 519 638 569 tibi,
672 518 778 570 lena,
812 534 959 575 precor
992 520 1124 563 diras:
1160 524 1262 564 satis
1295 525 1418 565 anxia
1454 525 1570 566 vives
1593 525 1622 576 ¹)

458 588 649 631 Moverit
682 604 702 631 e
736 592 849 632 votis
882 604 977 646 pars
1010 596 1307 648 quotacunque
1341 593 1482 635 deos,”

213 660 354 715 Atque
396 659 497 701 haec
541 663 629 701 tam
673 662 804 703 variis
848 661 1064 704 abundans
1108 665 1368 706 ornamentis
1403 664 1540 720 elegia
1583 679 1664 707 non
1698 665 1795 720 plus

211 731 369 786 viginti
408 734 571 785 septem
613 730 765 786 implet
807 732 999 774 disticha.
1049 733 1210 788 Ecquid
1254 736 1345 776 iure
1389 734 1438 776 de
1482 737 1667 791 gemmis
1711 736 1800 778 dixi

211 800 489 842 efficientibus
532 804 580 843 ut
624 804 766 843 totum
811 802 1120 857 quodammode
1165 818 1327 846 novum
1370 807 1568 848 existeret
1601 806 1799 848 carmen?

210 870 326 919 Esto,
369 871 574 913 habemus
606 876 775 928 poetam
808 872 990 915 duorum
1022 873 1245 926 librorum,
1274 877 1317 916 in
1351 877 1504 931 quibus
1537 882 1624 918 tam
1658 876 1797 919 multa

209 941 565 998 deprehendimus
588 943 934 999 admiramurque
953 944 1166 1000 praeclara
1185 954 1232 987 ut
1249 947 1283 987 si
1303 946 1404 1001 quid
1422 949 1563 989 minus
1582 947 1720 1003 placet
1740 972 1795 979 —

209 1013 440 1056 dummodo
466 1028 517 1056 ne
545 1015 673 1056 nimis
702 1015 937 1057 doctrinam
965 1019 1153 1057 nostram
1179 1019 1506 1072 grammaticam
1524 1033 1718 1060 amemus
1738 1044 1793 1049 —

207 1089 372 1127 nosmet
418 1086 530 1140 ipsos
575 1099 701 1140 quam
744 1089 915 1141 poetam
957 1099 1151 1128 accusare
1195 1087 1410 1130 malimus.
1460 1088 1570 1141 Quid
1614 1104 1713 1132 vero
1758 1092 1793 1132 si

206 1155 396 1198 eiusdem
428 1169 517 1197 esse
549 1157 859 1212 sumpserimus
893 1158 1079 1212 quinque
1112 1157 1328 1213 elegiolas,
1364 1173 1386 1201 a
1416 1158 1536 1202 libris
1570 1160 1657 1202 illis
1691 1162 1794 1203 satis

207 1227 407 1277 diversas,
451 1226 522 1268 sed
564 1227 608 1267 in
649 1241 725 1269 suo
757 1241 910 1282 genere
945 1232 1033 1269 tam
1066 1227 1300 1283 praeclaras
1334 1234 1381 1271 ut
1412 1229 1529 1272 nulla
1561 1245 1631 1273 eos
1666 1230 1794 1286 digne

206 1298 263 1339 sit
294 1296 519 1339 laudatura
551 1295 691 1339 aetas?
723 1297 871 1340 Nonne
903 1312 1049 1340 revera
1074 1314 1252 1351 maslaum
1279 1301 1391 1342 nacti
1419 1302 1579 1343 erimus
1607 1305 1791 1356 poetam,

207 1382 333 1424 quem
366 1381 601 1423 numquam
636 1368 754 1411 nobis
787 1369 894 1423 eripi
921 1370 1056 1410 simus
1085 1371 1262 1424 passuri,
1291 1372 1459 1412 etiamsi
1490 1386 1634 1414 omnes
1661 1374 1793 1414 nostri

207 1437 364 1480 saeculi
395 1440 615 1481 coniurent
648 1437 837 1482 Cratetes
869 1438 1153 1495 Zenodotique
1182 1441 1302 1495 eique
1330 1440 1582 1484 admoveant
1610 1443 1793 1484 rationes

206 1509 303 1551 illas
335 1523 439 1564 quas
471 1510 596 1551 unice
628 1523 749 1552 veras
782 1523 871 1551 esse
903 1512 1275 1565 pronuntiaverint
1307 1513 1379 1566 qui
1412 1526 1521 1554 nunc
1554 1513 1663 1568 regii
1691 1517 1790 1554 sunt

205 1578 446 1636 philologi?
488 1579 544 1622 Et
585 1579 733 1635 quidni
774 1578 1021 1636 sumamus?
1065 1580 1300 1635 Tamquam
1342 1581 1506 1623 Tibulli
1537 1583 1658 1624 nobis
1692 1587 1791 1624 sunt

206 1650 384 1692 traditae
418 1676 473 1681 —-
507 1651 599 1702 hoc,
634 1665 707 1706 per
734 1665 777 1693 se
806 1655 1056 1706 spectatum,
1086 1651 1178 1694 leve
1207 1656 1282 1702 est,
1312 1666 1410 1694 nam
1439 1652 1601 1695 Tibulli
1629 1668 1782 1696 nomen

204 1735 303 1777 prae
346 1735 389 1763 se
432 1721 574 1763 ferunt
615 1723 745 1763 etiam
787 1723 954 1777 ineptae
994 1721 1091 1764 illae
1122 1723 1314 1777 Isyssdamz'
1345 1722 1505 1779 elegiae
1539 1727 1579 1765 et
1612 1723 1790 1779 puerilis

203 1793 285 1834 iste
326 1792 595 1847 Paneqy7·iczc8
637 1792 851 1841 Messalae,
901 1792 974 1834 sed
1017 1792 1173 1834 accedit
1217 1792 1377 1848 aliquid
1420 1794 1530 1848 quod
1572 1794 1783 1836 codicibus

204 1864 429 1919 egregium
457 1863 584 1905 addat
610 1863 891 1919 praesidium:
923 1863 972 1905 de
999 1863 1188 1919 Sulpicia
1216 1864 1397 1919 quadam
1425 1866 1580 1921 agitur,
1610 1865 1790 1907 muliere

202 1933 348 1985 nobili,
392 1948 498 1989 quae
540 1936 585 1975 in
628 1933 762 1976 tutela
804 1937 866 1976 est
908 1934 1129 1984 Messalae,
1162 1949 1244 1989 quo
1277 1939 1452 1990 patrono
1486 1936 1684 1977 utebatur
1718 1935 1787 1977 Ti-

203 2004 359 2055 bullus,
401 2008 444 2047 et
485 2008 654 2047 tantum
696 2020 778 2047 non
820 2009 984 2047 certum
1017 2010 1080 2047 est
1112 2005 1237 2047 illum
1270 2005 1500 2047 Messalam
1534 2006 1664 2048 fuisse
1696 2006 1789 2048 Sul-

203 2077 337 2131 piciae
376 2075 653 2119 avunculum.
696 2076 845 2118 Nonne
886 2077 1120 2118 obstinatae
1165 2078 1221 2118 sit
1263 2078 1503 2131 iniquitatis
1538 2077 1785 2120 contendere

201 2148 331 2188 etiam
379 2150 429 2188 ut
475 2145 688 2202 praeclaro
730 2147 808 2188 hoc
850 2146 979 2188 titulo
1022 2146 1246 2188 Tibullum
1289 2151 1482 2189 nostrum
1525 2146 1786 2203 spoliemus?

200 2218 349 2260 Nonne
390 2217 670 2260 Baehrensius
714 2221 884 2273 propter
927 2218 1256 2273 discrepantiam
1299 2231 1404 2273 quae
1438 2219 1548 2259 inter
1580 2217 1711 2260 libros
1745 2222 1787 2260 et

201 2287 400 2345 elegiolas
441 2290 610 2330 intersit
650 2288 747 2330 illas
790 2289 1000 2331 librorum
1033 2290 1195 2330 auctori
1228 2289 1470 2330 abiudicans
1504 2289 1584 2330 sibi
1616 2293 1786 2344 arrogat

199 2359 312 2415 quod
343 2374 425 2401 non
459 2374 558 2401 suae
590 2361 645 2401 sit
677 2358 881 2402 dicionis?
913 2359 1163 2401 Rideremus
1196 2373 1295 2401 eum
1329 2361 1365 2400 si
1399 2359 1666 2401 contenderet
1699 2374 1782 2401 non

200 2431 327 2472 unius
369 2444 458 2472 esse
498 2430 683 2472 hominis
724 2430 828 2472 bene
861 2429 1018 2473 Graece
1050 2433 1090 2471 et
1124 2430 1225 2471 bene
1259 2430 1407 2471 Latine
1439 2432 1591 2481 scrire3
1627 2434 1782 2485 quanto

199 2502 358 2542 maiore
401 2514 499 2542 eum
537 2500 750 2542 rideamus
781 2502 873 2542 iure
907 2500 1176 2542 definientem
1209 2500 1310 2555 quid
1343 2504 1466 2555 poeta
1498 2501 1643 2555 possit,
1678 2501 1780 2555 quid

198 2586 281 2613 non
322 2569 482 2626 possit?
527 2571 609 2613 Sed
652 2571 753 2626 quid
794 2572 862 2613 hic
905 2571 1210 2613 Baehrensium
1252 2569 1490 2626 impugno?
1518 2571 1552 2622 2)
1599 2570 1776 2613 Nostrae

241 2694 273 2733 1)
297 2693 348 2724 Sic
371 2693 539 2734 legendum
563 2703 682 2730 censeo,
701 2692 790 2730 vives,
811 2702 874 2723 non
894 2691 995 2729 vivas3
1019 2691 1161 2722 futurum
1182 2689 1316 2731 requirit
1337 2691 1368 2720 et
1388 2689 1526 2730 syntaxis
1549 2692 1579 2720 et
1601 2691 1778 2723 sententia:

194 2758 257 2780 non
289 2748 322 2779 in
347 2750 457 2779 votum
480 2748 532 2779 sed
556 2747 588 2778 in
613 2747 658 2778 rei
682 2757 718 2778 ex
742 2746 823 2778 votis
846 2746 1022 2777 nasciturae
1047 2745 1349 2777 demonstrationem
1374 2744 1458 2774 exire
1483 2744 1533 2774 1110
1560 2744 1646 2776 locus
1670 2745 1778 2784 debet;

195 2803 327 2845 denique
355 2803 436 2834 satis
466 2804 550 2834 recte
580 2813 652 2833 cnm
682 2802 801 2839 futuro,
834 2801 915 2832 male
943 2811 1014 2832 011111
1045 2799 1244 2831 coniunctivo
1270 2798 1422 2839 iungitur.
1456 2799 1576 2840 Quodsi
1600 2800 1670 2840 quis
1694 2800 1776 2832 dieat

193 2858 278 2889 vivas
303 2858 354 2889 hic
376 2868 442 2889 esse
466 2855 553 2898 ζῴης
577 2855 626 2895 biv,
651 2857 677 2887 is
701 2866 749 2888 1116
774 2856 913 2894 adiuvet,
937 2866 998 2886 11011
1022 2854 1156 2886 refellat.
1181 2854 1245 2884 Cur
1272 2853 1354 2884 enim
1376 2855 1467 2895 poeta
1487 2853 1619 2894 elegerit
1640 2854 1671 2885 id
1693 2855 1776 2895 quod

194 2912 377 2953 ambiguum
398 2914 488 2949 esset,
513 2911 679 2952 reliquerit
702 2911 785 2952 quod
810 2911 987 2941 disertum?

237 2968 269 3006 2)
302 2966 389 2998 Olim
412 2966 598 3008 plerumque
621 2966 771 3007 elegiolae
795 2967 920 2996 nostrae
944 2963 1070 2995 Tibullo
1095 2961 1362 2999 abiudicabantur,
1386 2964 1470 2992 certe
1493 2961 1610 2993 Tibulli
1636 2973 1685 2993 eas
1712 2973 1776 2994 esse

191 3024 346 3062 negarunt
379 3020 616 3052 Brouckhusius
645 3023 676 3052 et
710 3019 855 3051 Heinius.
888 3019 1063 3056 Praeclara,
1096 3018 1245 3060 profectO,
1283 3017 1420 3055 nomina,
1454 3017 1506 3047 scd
1539 3027 1587 3048 me
1620 3017 1769 3049 Cartaltii

193 3076 331 3108 rationes
354 3076 452 3118 magis
478 3078 616 3107 movent.
