2320 3828
1280 323 1307 365 8

501 452 650 493 aetatis
677 450 758 491 viri
787 448 913 497 docti,
943 460 1126 502 quorum
1154 458 1326 487 summa
1351 446 1439 487 iam
1466 448 1529 487 est
1556 446 1801 495 auctoritas,
1830 442 2087 488 Cartaltium

501 522 592 563 dico
623 520 950 575 Iacobyumque,
985 518 1086 572 quin
1119 515 1324 572 elegiolae
1357 519 1523 557 nostrae
1556 514 1718 557 Tibulli
1745 517 1829 557 sint
1857 529 1939 557 non
1968 514 2088 555 dubi-

501 596 604 633 tant.
659 590 722 632 Ad
766 590 841 631 hos
884 602 985 644 ergo
1027 601 1210 643 provoco
1244 586 1373 628 donec
1405 587 1619 628 exstiterit
1651 587 1724 641 qui
1756 585 1809 628 ad
1841 586 2086 628 Baehrensii

500 662 633 704 redire
667 659 791 702 malit
824 661 1019 701 rationes.

559 732 752 774 Profecto
793 743 976 786 magnus
1018 731 1141 784 poeta
1182 728 1264 769 fuit
1307 726 1519 778 Tibullus,
1562 726 1634 769 sed
1671 727 1806 777 nobis,
1839 740 1930 769 sero
1965 729 2087 768 natae

499 804 750 860 posteritati,
792 800 923 843 talem
966 814 1010 842 se
1052 801 1095 840 in
1139 797 1332 854 elegiolis
1372 797 1513 840 multo
1557 799 1696 853 magis
1730 810 1860 853 quam
1891 799 1934 839 in
1969 797 2090 838 libris

500 875 683 917 exhibet.
728 871 817 914 Has
860 885 961 927 ergo
1005 869 1131 926 paulo
1163 870 1402 911 accuratius
1435 869 1712 924 aspiciamus;
1747 869 1805 910 sic
1837 868 2014 910 fortasse
2046 869 2088 909 in

500 945 674 987 clariore
708 945 837 985 etiam
869 942 963 984 luce
997 943 1088 983 eius
1119 954 1274 996 ponere
1306 941 1488 982 virtutes
1520 940 1770 994 poterimus,
1804 942 1914 981 certe
1944 942 2090 994 aptam

500 1030 545 1058 ea
579 1029 644 1057 res
671 1014 792 1056 nobis
822 1013 1036 1069 praebebit
1063 1010 1312 1054 facultatem
1342 1010 1392 1053 de
1419 1024 1502 1052 uno
1531 1008 1748 1065 alteroque
1771 1024 1898 1052 versu
1926 1013 2090 1051 nostrae

501 1085 768 1142 proferendae
800 1084 1046 1126 sententiae.

560 1229 706 1270 Prima
746 1241 847 1283 ergo
890 1225 1071 1282 elegiola
1112 1228 1236 1281 poeta
1279 1223 1493 1280 Sulpiciae
1536 1223 1735 1265 describit
1766 1236 1952 1273 veneres,
1997 1236 2091 1264 con-

502 1299 700 1356 templari
728 1312 770 1340 se
798 1312 891 1340 eam
918 1296 1083 1352 fingens
1110 1296 1213 1338 dum
1242 1295 1447 1338 Kalendis
1466 1294 1637 1336 Martiis
1658 1308 1750 1335 rem
1767 1294 1868 1335 facit
1886 1283 2089 1335 divinam.

502 1371 556 1413 Et
603 1371 752 1426 primis
796 1368 968 1424 quidem
1012 1368 1206 1410 versibus
1248 1367 1437 1409 Martem
1478 1367 1622 1422 ipsum
1664 1365 1717 1407 ad
1758 1378 1853 1407 eam
1896 1364 2089 1416 advocat,

502 1446 684 1497 suntque
710 1440 775 1482 illi
803 1454 951 1483 versus
978 1440 1111 1481 mirae
1137 1439 1399 1489 festivitatis,
1427 1438 1489 1480 ibi
1516 1442 1737 1479 tenerorum
1762 1435 1881 1478 lusor
1897 1449 2091 1478 amorum

503 1511 736 1555 terribilem
770 1510 870 1553 belli
903 1510 1029 1552 deum
1062 1509 1248 1552 ludibrio
1280 1509 1431 1551 habet:

686 1581 876 1638 Sulpicia
907 1585 972 1624 est
1004 1582 1084 1623 tibi
1115 1580 1230 1623 culta
1263 1582 1364 1631 tuis,
1397 1580 1514 1622 Mars
1547 1594 1697 1633 malque,
1731 1577 1961 1620 Kalendis:

745 1653 992 1710 Spectatum
1027 1667 1048 1694 e
1080 1652 1208 1703 caelo,
1240 1653 1276 1693 sz'
1307 1652 1434 1706 sapis,
1467 1653 1558 1706 ipse
1590 1651 1703 1693 veni.

686 1725 779 1767 Hoc
812 1724 953 1767 Venus
984 1725 1199 1780 ignoscet:
1233 1727 1277 1766 at
1309 1727 1371 1773 tu,
1404 1711 1605 1772 violente,
1639 1723 1784 1764 caveto

746 1796 921 1848 Netibi
952 1797 1128 1837 miranti
1160 1796 1345 1850 turpiter
1377 1807 1495 1836 arma
1527 1792 1689 1835 cadant.

505 1869 552 1911 In
594 1868 747 1924 quibus
785 1866 893 1909 illud
934 1867 970 1908 si
1011 1866 1122 1920 sapis
1163 1880 1317 1922 parum
1349 1852 1544 1907 accurate
1578 1863 1760 1906 Heinius
1794 1863 1853 1904 sio
1887 1860 2094 1917 explicat:

508 1941 571 1991 „si
612 1939 821 1981 iudicium
866 1942 908 1980 et
949 1952 1122 1980 sensum
1162 1936 1398 1993 elegantiae
1430 1934 1603 1978 habes”.
1638 1935 1749 1977 Nam
1780 1935 1891 1975 inest
1924 1932 2096 1988 quidem

506 2011 614 2053 illud
646 2011 712 2052 his
746 2011 901 2060 verbiS,
936 2010 1007 2052 sed
1040 2011 1185 2065 potius
1217 2009 1384 2060 subest;
1419 2007 1533 2063 quod
1565 2010 1708 2063 aperte
1741 2009 1864 2061 poeta
1891 2004 1995 2046 dicit
2019 2004 2097 2045 hoe

507 2087 591 2125 est:
641 2083 751 2133 „nisi
791 2082 932 2124 mavis
976 2085 1050 2123 tua
1091 2079 1217 2136 culpa
1256 2093 1394 2122 carere
1428 2077 1666 2135 spectaculo
1698 2091 1780 2132 quo
1814 2074 1987 2118 nullum
2020 2074 2100 2116 tibi

508 2166 695 2208 unquam
730 2151 951 2208 pulchrius
984 2155 1047 2194 est
1080 2151 1319 2193 oblatum'’.
1352 2149 1421 2192 Sic
1453 2150 1649 2205 proprius
1682 2147 1794 2189 illud
1826 2146 1862 2188 si
1893 2145 2002 2199 sapis
2034 2158 2098 2187 ac-

509 2224 620 2267 cedit
661 2223 713 2265 ad
754 2224 958 2265 usitatam
1002 2223 1110 2265 hanc
1144 2220 1353 2264 formulae
1390 2219 1761 2277 significationem,
1795 2222 1844 2259 ut
1877 2230 2005 2272 quem
2038 2216 2098 2257 sic

511 2295 737 2350 alloqueris
779 2293 960 2350 periculi
1001 2293 1183 2336 alicuius
1225 2291 1392 2335 vitandi
1433 2291 1658 2333 admoneas
1671 2303 1681 2341 ;
1717 2288 1934 2344 eleganter
1966 2284 2098 2328 simul

510 2370 552 2408 et
583 2369 775 2408 accurate
808 2364 1153 2407 Wunderlichius
1184 2363 1236 2406 ad
1270 2361 1433 2407 Catulli
1465 2375 1639 2405 versum
1672 2359 1743 2411 35,
1765 2358 1803 2402 7:

692 2436 842 2488 Quare,
875 2437 911 2477 si
943 2437 1092 2492 sapiet,
1130 2436 1242 2477 viam
1273 2434 1440 2476 vorabit

511 2510 705 2549 annotat:
744 2508 806 2558 „si
837 2507 964 2548 rebus
995 2507 1082 2548 suis
1115 2506 1217 2548 satis
1249 2504 1520 2560 prospiciet''.

571 2578 634 2620 Ne
661 2579 755 2633 quis
784 2580 929 2620 autem
956 2591 1081 2619 versu
1110 2576 1149 2628 3,
1179 2576 1229 2618 de
1254 2575 1447 2631 prosodia
1474 2575 1603 2616 nimis
1632 2573 1854 2621 sollicitus,
1888 2571 1959 2612 sed
1982 2568 2100 2626 legat

512 2663 586 2703 pro
628 2653 683 2699 at,
729 2662 922 2690 concessa
952 2647 1125 2690 licentia
1158 2650 1329 2702 poetam
1359 2659 1486 2687 usum
1517 2658 1667 2687 moneo
1700 2648 1749 2685 ut
1781 2644 2004 2698 ingratum
2037 2641 2099 2682 vi-

513 2723 622 2761 taret
654 2734 806 2762 sonum
837 2721 1043 2775 ignosseet
1073 2719 1154 2760 sed.

574 2789 685 2831 Tum
711 2791 882 2842 (omitto
911 2789 1122 2831 distichon
1150 2788 1262 2844 quod
1288 2789 1333 2829 in
1355 2788 1433 2830 hac
1455 2800 1581 2829 causa
1603 2786 1779 2828 minoris
1797 2787 1860 2827 est
1877 2783 2100 2830 momenti)

515 2862 573 2902 sic
604 2859 768 2916 puellae
802 2874 972 2903 veneres
1003 2864 1128 2916 poeta
1159 2859 1327 2902 laudat:

696 2931 834 2982 Illam,
869 2931 1075 2987 quidquid
1109 2932 1213 2986 agit,
1247 2943 1413 2986 quoquo
1445 2930 1630 2985 vestigia
1661 2928 1813 2977 movit,

758 3000 988 3057 Componit
1019 3002 1171 3043 furtim
1203 3001 1560 3055 subsequiturque
1593 2998 1738 3041 Decor.

699 3073 781 3115 Seu
816 3072 946 3114 solvit
979 3074 1127 3122 crines,
1162 3072 1266 3113 fusis
1299 3071 1417 3113 decet
1449 3073 1558 3112 esset
1589 3068 1777 3125 capillis:
