2320 3828
980 373 1032 414 11

303 493 328 536 5
392 493 475 536 Sed
506 493 652 548 procul
686 493 856 535 abducit
890 494 1068 536 venandi
1102 494 1221 536 Delia
1254 510 1372 538 cura:

452 563 485 605 Ο
520 568 692 618 pereant
724 563 871 614 silvae,
906 564 1182 620 deficiantque
1216 566 1359 607 canes!

392 634 494 686 Quis
526 634 643 675 furor
675 638 750 685 est,
786 648 892 689 quae
925 649 1056 684 mens,
1092 635 1240 677 densos
1273 636 1471 692 indagine
1504 637 1629 679 colles

452 703 733 747 Claudentem
767 709 929 747 teneras
963 705 1126 747 laedere
1161 706 1270 748 velle
1303 707 1479 748 manus?

272 775 354 817 Hic
400 789 478 831 ego
526 789 652 817 versu
695 774 719 815 5
765 789 930 830 semper
972 778 1160 831 suspicor
1202 792 1283 819 non
1324 779 1394 818 secl
1436 778 1662 833 legendum
1707 793 1794 821 esse

211 860 360 890 verum
386 861 488 887 nam.
517 845 635 897 Quod
660 846 833 888 fortasse
860 860 940 888 non
963 849 1259 898 necessarium,
1279 848 1508 890 dummodo
1528 849 1794 891 recordemur

210 922 304 974 post
345 918 614 959 enuntiatum
659 917 883 969 novativum
926 931 1090 972 semper
1132 920 1200 958 sed
1236 919 1458 961 vernacule
1492 921 1551 961 ita
1585 934 1672 961 esse
1706 935 1796 961 ver-

211 987 387 1030 tendum
430 993 651 1042 tamquam
694 989 730 1029 si
772 1002 862 1028 nam
893 986 1119 1043 legeretur.
1154 988 1312 1030 Tamen
1345 990 1395 1031 ad
1431 1004 1567 1031 meam
1603 1004 1670 1032 me
1703 1005 1795 1032 con-

209 1061 416 1101 iecturam
450 1060 596 1100 statim
629 1058 793 1100 reducit
824 1060 1000 1100 initium
1034 1058 1115 1100 loci
1149 1073 1274 1114 quem
1310 1064 1428 1115 poeta
1462 1062 1656 1103 subiicit:

392 1129 469 1170 Sed
499 1133 654 1178 tamen,
689 1132 738 1170 ut
771 1131 912 1171 tecum
945 1129 1083 1179 liceat,
1115 1128 1328 1179 Cerinthe,
1363 1133 1522 1187 vagari,

452 1199 548 1255 Ipsa
577 1214 655 1256 ego
688 1214 762 1255 per
794 1204 959 1242 montes
991 1202 1097 1242 retia
1132 1204 1240 1242 torta
1272 1201 1418 1252 feram,

391 1271 488 1326 Ipsa
519 1285 598 1326 ego
631 1270 790 1313 velocis
824 1284 1022 1326 quaeram
1051 1273 1234 1327 vestigia
1267 1274 1377 1313 cervi

453 1342 509 1383 Et
540 1341 709 1384 demam
742 1341 868 1384 celeri
902 1342 1034 1384 ferrea
1067 1341 1208 1384 vincla
1243 1344 1347 1384 cani.

272 1413 430 1455 Eadem
459 1414 572 1454 enim
600 1411 809 1468 particula
838 1416 925 1454 tam
946 1413 1064 1455 brevi
1088 1415 1223 1468 spatio
1242 1415 1420 1468 repetita
1438 1414 1650 1455 maculam
1670 1429 1797 1469 quan-

213 1485 308 1526 dam
337 1485 525 1540 aspergit
551 1487 692 1526 tantae
718 1485 949 1534 venustati,
974 1483 1115 1525 levem
1134 1484 1303 1539 quidem
1323 1484 1391 1526 sed
1412 1488 1548 1526 tamen
1569 1484 1794 1526 maculam.

273 1554 487 1610 Additque
528 1555 631 1596 haec
673 1568 779 1610 quae
812 1568 940 1610 quam
971 1556 1157 1596 maxime
1189 1569 1315 1609 quam
1349 1556 1429 1596 sibi
1463 1559 1554 1596 tum
1588 1557 1640 1597 sit
1675 1560 1796 1611 grata

213 1626 356 1668 futura
389 1627 558 1668 venatio
592 1625 855 1682 significent:

394 1696 511 1738 Tunc
543 1697 666 1746 mihi,
700 1700 802 1738 tunc
830 1695 1022 1752 placeant
1054 1695 1200 1746 silvae,
1234 1697 1268 1738 si
1301 1696 1377 1737 lux
1410 1710 1516 1748 mea,
1552 1700 1691 1739 tecum

454 1767 623 1823 Arguar
655 1770 751 1809 ante
783 1768 896 1822 ipsas
929 1767 1200 1809 concubuisse
1234 1766 1394 1822 plagas.

272 1837 429 1880 Totum
470 1838 550 1880 hoc
583 1837 891 1888 ἀπροσδόκητον,
925 1838 1038 1879 haud
1071 1852 1192 1894 nego,
1228 1838 1424 1879 Ovidiani
1458 1837 1619 1893 aliquid
1653 1838 1792 1880 habet.

212 1908 257 1951 In
300 1912 487 1951 mentem
531 1909 638 1950 mihi
671 1912 782 1950 certe
814 1909 883 1950 hic
916 1910 1005 1950 noti
1035 1908 1101 1950 illi
1134 1923 1278 1950 versus
1312 1910 1502 1959 veniunt,
1537 1911 1609 1964 qui
1642 1914 1683 1950 et
1714 1911 1796 1965 ipsi

211 1994 300 2022 rem
333 1979 458 2022 modo
490 1984 867 2022 commemoratam
901 1979 1207 2034 quodammodo
1240 1981 1283 2020 in
1311 1981 1568 2021 contrarium
1597 1984 1793 2022 vertunt:

392 2050 568 2105 Quoque
599 2049 688 2092 loco
722 2054 865 2092 tecum
898 2050 1052 2092 fuerim
1086 2052 1347 2105 quotiesque,
1383 2049 1574 2106 Cupassi,

450 2120 639 2163 Narrabo
673 2121 866 2163 dominae
900 2125 1085 2176 quotque
1119 2122 1354 2176 quibusque
1386 2121 1502 2162 locis.

210 2191 291 2234 Sed
325 2195 467 2233 tamen
498 2193 542 2233 in
576 2191 652 2233 illo
682 2206 850 2248 quoque
878 2191 1112 2233 adhibendo
1142 2191 1314 2233 flosculo
1343 2196 1499 2246 quanto
1527 2191 1796 2233 verecundior

210 2262 420 2312 Tibullus,
463 2266 704 2318 quantoque
747 2261 968 2305 sincerior!
1013 2263 1067 2304 Et
1116 2276 1243 2317 quam
1288 2264 1458 2318 egregie
1495 2261 1684 2317 Sulpicia
1717 2263 1795 2303 hoc

210 2335 348 2376 utitur
389 2333 567 2376 artificio
610 2337 660 2376 ut
703 2336 769 2376 sui
812 2348 912 2389 erga
956 2333 1124 2375 fidelem
1167 2334 1378 2389 virginem
1419 2333 1543 2375 officii
1575 2333 1795 2375 admoneat

210 2418 406 2460 puerum,
439 2406 527 2446 iam
558 2404 700 2446 levem
734 2405 932 2447 fortasse:

395 2474 513 2517 Tunc
545 2477 689 2517 veniat
720 2475 819 2517 licet
850 2475 901 2517 ad
933 2488 1079 2524 casses,
1112 2474 1284 2516 illaesus
1317 2474 1463 2523 abibit,

451 2545 515 2587 Ne
547 2545 720 2588 Veneris
753 2546 929 2601 cupidae
961 2546 1119 2602 gaudia
1150 2545 1304 2594 turbet,
1337 2558 1448 2599 aper.

391 2615 515 2657 Nunc
547 2617 636 2658 sine
668 2630 737 2658 me
770 2618 825 2658 sit
856 2615 974 2657 nulla
1007 2615 1159 2665 Venus,
1194 2614 1265 2655 sed
1297 2613 1391 2669 lege
1427 2613 1596 2664 Dianae,

454 2684 578 2729 Oaste
609 2700 728 2741 puer,
762 2690 874 2728 casta
908 2688 1014 2728 retia
1046 2690 1173 2741 tange
1207 2698 1360 2734 manu;

391 2756 445 2798 Et
479 2771 754 2812 quaecunque
788 2771 882 2799 meo
916 2757 1066 2798 furtim
1100 2757 1289 2810 subrepit
1320 2756 1466 2805 amori,

453 2827 617 2870 Incidat
648 2829 692 2869 in
724 2842 869 2870 saevas
901 2827 1135 2882 diripienda
1167 2827 1287 2868 feras.

271 2897 440 2939 Habent
481 2898 584 2940 haec
625 2912 791 2954 quoque
834 2898 1014 2940 colorem
1058 2897 1337 2945 Ovidianum3
1387 2895 1457 2937 sed
1504 2895 1681 2937 Ovidius
1726 2897 1792 2937 hic

211 2973 466 3023 quantopere
508 2968 756 3010 indulsisset
787 2970 958 3024 ingenio
993 2982 1068 3009 suo
1102 2969 1258 3022 (cogita
1290 2966 1414 3008 modo
1448 2966 1497 3007 de
1530 2965 1716 3020 Cephalo
1753 2971 1794 3008 et

209 3037 406 3079 Procride
431 3039 476 3080 in
504 3038 945 3094 Metamorphosesin),
975 3041 1216 3092 quantoque
1246 3038 1336 3092 ipsa
1364 3037 1572 3077 brevitate
1598 3036 1793 3077 disertior

210 3107 407 3150 Tibullus
421 3107 429 3150 ἔ
