2320 3828
943 378 998 421 35

239 499 298 541 Ut
341 500 505 541 iustum
552 500 706 541 existat
753 500 1051 555 corpusculum
1100 502 1148 544 de
1192 517 1332 546 amore
1375 507 1586 560 poeticum
1628 508 1756 548 etiam

179 574 398 626 aegrotare
426 569 578 612 debent
605 574 794 611 amantes
821 576 894 612 aut
923 577 1031 614 certe
1061 587 1206 615 eorum
1237 575 1450 618 alteruter.
1488 577 1590 618 Rem
1620 580 1754 633 ipsam

178 642 258 683 sibi
302 655 325 682 a
366 640 556 696 Sulpicia
599 641 799 682 traditam
833 644 1017 685 servavit
1049 643 1255 695 Tibullus,
1291 646 1604 702 Sulpiciamque
1638 649 1756 689 uobis

178 711 376 753 exhibuit
405 713 446 752 iu
481 711 680 752 morbum
713 710 981 767 implicitam.
1017 713 1098 755 Sed
1131 716 1239 770 quod
1274 716 1346 758 ille
1380 719 1535 773 viginti
1570 733 1636 759 sex
1670 733 1758 759 ver-

178 782 292 823 sibus
320 780 618 838 pulcherrimis
645 784 864 824 exornavit
897 783 938 824 id
970 783 1044 825 illa
1071 785 1187 826 brevi
1215 787 1406 841 epistolio
1435 788 1616 829 declarat
1647 789 1756 843 quod

176 852 245 894 hic
277 853 533 894 exscribam:

356 922 485 965 Estne
518 923 609 972 tibi,
645 922 856 973 Cerinthe,
892 928 989 966 tuae
1023 927 1090 980 pia
1124 940 1222 968 cura
1252 927 1416 982 puellae

418 993 537 1045 Quod
573 1008 667 1036 mea
700 1009 809 1036 nunc
843 1000 969 1037 vexat
1003 1010 1175 1051 corpora
1208 998 1314 1039 fessa
1347 998 1483 1040 calor?

357 1062 416 1106 A!
451 1079 528 1120 ego
561 1079 644 1106 non
677 1064 800 1107 aliter
833 1067 973 1108 tristes
1006 1069 1196 1109 evincere
1231 1070 1396 1110 morbos

417 1135 611 1190 Optarim
646 1149 770 1190 quam
806 1139 847 1178 te
881 1138 914 1178 si
948 1151 1112 1192 quoque
1146 1138 1256 1180 velle
1290 1146 1447 1194 putem.

356 1206 413 1247 At
445 1205 553 1247 mihi
586 1207 687 1261 quid
721 1209 852 1262 prosit
884 1207 1051 1249 morbos
1085 1210 1287 1258 evincere,
1323 1224 1448 1264 quom
1483 1216 1528 1252 tu

415 1277 568 1319 Nostra
600 1282 718 1332 potes
750 1277 864 1320 lento
895 1285 1062 1333 pectore
1095 1280 1200 1321 ferre
1233 1280 1371 1322 mala?

177 1347 256 1388 Vix
299 1347 530 1403 quidquam
573 1349 616 1389 in
650 1349 715 1390 his
751 1350 1005 1391 mutandum
1040 1351 1134 1391 fuit.
1170 1351 1300 1392 Versu
1336 1352 1359 1392 5
1394 1354 1624 1394 rectissime
1657 1359 1698 1393 aa
1732 1368 1753 1394 a

175 1417 314 1459 codice
344 1417 376 1459 F
410 1420 567 1474 recepit
602 1418 904 1467 Baehrensius;
940 1419 1134 1463 Cartaltii
1167 1421 1233 1462 hic
1267 1436 1344 1476 ego
1378 1425 1556 1464 rationes
1586 1438 1665 1464 11011
1694 1426 1754 1464 in—

174 1487 348 1544 telligo:
383 1488 454 1530 dat
487 1491 601 1531 enim
633 1504 705 1541 an3
742 1491 812 1532 sed
847 1492 946 1546 quid
979 1491 1094 1532 istud
1126 1507 1177 1532 cm
1211 1493 1308 1547 quid
1334 1494 1411 1534 sibi
1441 1493 1561 1534 vult?
1595 1494 1751 1535 Eodem

174 1574 300 1602 versu
328 1575 440 1615 quom
469 1560 711 1602 Baehrensii
741 1566 825 1614 est3
855 1562 1015 1604 codices
1042 1564 1145 1617 quod
1171 1568 1211 1604 et
1236 1563 1334 1618 quid
1361 1563 1535 1612 habentg
1565 1563 1753 1619 Scaliger

173 1631 242 1672 ubi
273 1632 474 1682 coniecit;
511 1631 706 1686 equidem
740 1633 878 1673 nescio
912 1647 962 1674 an
995 1635 1207 1688 optimum
1242 1636 1296 1674 sit
1328 1635 1364 1674 si
1390 1634 1499 1689 quod
1532 1635 1684 1676 codicis
1719 1635 1751 1675 V

173 1702 355 1744 secunda
395 1716 547 1744 manus
587 1703 770 1744 exhibet.
812 1701 960 1746 Cetera
1003 1706 1144 1745 omnia
1186 1718 1283 1745 sana
1317 1709 1414 1745 suut
1446 1710 1486 1746 et
1520 1707 1750 1760 perspicua,

173 1787 256 1814 non
301 1776 444 1814 tamen
488 1773 540 1814 ab
584 1775 699 1814 omni
740 1777 857 1828 parte
894 1774 1116 1829 probanda.
1163 1774 1292 1816 Versu
1325 1775 1350 1816 4
1387 1780 1616 1829 praestaret
1647 1777 1684 1815 .ςί
1715 1781 1752 1816 te

173 1858 322 1899 quoque
364 1858 491 1899 quam
538 1848 574 1885 te
615 1844 652 1884 si
694 1859 854 1899 quoque,
899 1845 969 1886 sed
1011 1847 1102 1900 ipsa
1144 1846 1212 1887 hic
1250 1845 1453 1887 vocabula
1485 1846 1749 1901 perturbasse

172 1913 360 1970 Sulpicia
402 1915 586 1957 videtur.
630 1915 687 1955 At
729 1915 807 1957 hoc
847 1914 1006 1964 levius;
1043 1915 1180 1958 multo
1213 1918 1387 1972 gravius
1422 1922 1483 1957 est
1520 1918 1673 1957 vitium
1706 1918 1748 1957 in

171 1986 313 2027 verbis
354 1987 502 2027 morbos
545 1986 733 2035 evincere,
778 2000 883 2042 quae
926 1992 1067 2028 tamen
1110 1987 1272 2042 puellae
1316 1991 1480 2028 nostrae
1522 1987 1749 2028 admodum

171 2056 378 2112 placuisse
425 2057 640 2107 videntur,
691 2071 796 2112 quae
845 2072 892 2099 ea
939 2059 1068 2099 etiam
1117 2059 1344 2113 repetierit.
1393 2057 1471 2099 Sed
1522 2073 1602 2099 11011
1651 2063 1750 2099 sunt

171 2127 300 2169 huius
347 2127 441 2170 loci.
486 2128 597 2180 Quid
640 2129 696 2169 sit
740 2129 885 2169 morbos
928 2129 1103 2169 evincere
1146 2128 1290 2170 docere
1334 2143 1406 2169 1105
1448 2134 1584 2183 potest
1628 2137 1749 2183 poeta

171 2197 308 2240 multo
356 2200 625 2241 exercitatior
673 2198 865 2249 Ovidius,
915 2201 987 2254 qui
1033 2201 1075 2240 in
1120 2201 1358 2240 narratione
1401 2199 1450 2240 de
1493 2200 1607 2254 Argo
1650 2199 1749 2240 haec

171 2269 320 2311 habet:

351 2340 425 2383 ille
460 2344 601 2383 tamen
635 2344 799 2396 pugnat
832 2339 981 2382 molles
1014 2341 1203 2382 evincere
1237 2354 1419 2380 somnos.

170 2410 298 2453 Recte
342 2425 443 2467 ergo
475 2413 644 2453 morbum
677 2412 850 2452 evincere
881 2413 916 2452 is
951 2411 1105 2452 dicitur
1138 2411 1210 2465 qui
1242 2412 1380 2451 animo
1415 2410 1533 2450 firmo
1567 2410 1748 2450 obstina-

170 2486 298 2538 toque
341 2482 561 2524 infirmum
603 2497 755 2537 corpus
800 2497 926 2523 suum
970 2481 1192 2536 perdurare
1235 2483 1362 2536 cogit,
1397 2495 1477 2522 11011
1510 2482 1544 2521 is
1579 2482 1650 2534 qui
1685 2481 1747 2521 dis

170 2554 274 2595 bene
314 2554 563 2595 iuvantibus
606 2552 857 2595 sublevatur
899 2554 1092 2607 viresque
1125 2566 1219 2593 suas
1252 2556 1482 2606 recuperat.
1517 2550 1596 2592 Sed
1631 2565 1749 2592 amor

169 2638 253 2665 non
286 2628 406 2666 curat
438 2625 631 2666 minima.

229 2767 407 2809 Amator
439 2766 634 2809 exclusus
668 2765 735 2808 vel
768 2766 818 2807 ab
851 2766 985 2807 amica
1019 2764 1191 2806 relictus
1226 2763 1476 2817 (leceptusve
1510 2776 1634 2802 suum
1668 2763 1746 2803 sibi

169 2836 312 2879 locum
357 2839 401 2879 iu
442 2837 591 2894 elegiis
635 2837 761 2878 habet
804 2836 1021 2877 amatoriis
1062 2840 1126 2884 et,
1171 2836 1205 2875 si
1250 2848 1329 2875 non
1374 2833 1512 2882 adest,
1557 2832 1746 2886 fingitur.

169 2906 356 2963 Sulpicia
389 2923 487 2950 vero
520 2912 662 2950 nostra
694 2920 930 2961 numquam
963 2905 1193 2960 quidquam
1224 2903 1369 2958 fingit:
1405 2916 1506 2943 usus
1534 2903 1571 2943 ei
1600 2916 1748 2956 suppe-

169 2978 276 3020 ditat
306 2978 418 3021 locos
452 2979 607 3034 quibus
641 2992 746 3033 opus
779 2982 855 3018 est.
889 2976 983 3031 Ipsa
1013 2980 1244 3016 amatorem
1273 2988 1398 3014 suum
1426 2972 1597 3026 reliquit
1623 2972 1746 3026 idque

168 3062 216 3090 eo
246 3054 433 3105 tempore
461 3064 559 3091 cum
587 3063 686 3090 eum
713 3053 852 3089 totum
880 3048 966 3092 suis
994 3047 1079 3086 iam
1107 3050 1264 3087 teneret
1282 3042 1463 3085 vinculis
1482 3043 1744 3083 obstrictum.

169 3119 272 3162 Mox
307 3124 446 3162 tamen
480 3119 665 3162 stultitia
698 3132 774 3160 sua
809 3122 933 3172 atque
966 3116 1066 3158 adeo
1100 3116 1309 3157 dementia
1337 3112 1549 3154 intellecta
1580 3118 1744 3153 tantum
