2320 3828
1303 337 1360 379 40

536 465 604 506 sed
651 479 727 505 non
773 464 862 504 sine
905 462 1053 503 idonea
1085 474 1210 502 causa
1243 460 1404 501 factum
1438 458 1545 500 illud
1581 463 1656 501 est.
1691 457 1802 501 Cum
1840 461 1951 501 enim
1989 459 2125 514 qualis

535 542 798 590 quantusque
834 538 953 588 poeta
985 531 1184 572 Tibullus
1217 534 1325 572 esset
1359 529 1448 572 illis
1482 532 1704 586 praecipue
1737 530 1930 586 elegiolis
1959 530 2126 573 demon-

534 613 665 647 strare
710 604 878 652 vellem,
923 603 1076 657 quibus
1119 601 1333 656 Sulpiciae
1376 606 1418 643 et
1452 600 1645 644 Cerinthi
1678 615 1842 643 amores
1875 601 2126 643 celebrasset

534 677 619 726 ille,
665 690 742 717 11011
790 679 978 730 poteram
1013 673 1062 715 de
1095 675 1229 728 ipsius
1262 672 1474 727 Sulpiciae
1510 677 1645 714 tacere
1679 672 1884 728 epistoliis
1917 687 1938 714 e
1972 674 2127 728 quibus

534 746 694 788 Tibulli
738 751 860 787 uatus
904 749 1012 786 esset
1055 743 1251 794 libellus3
1297 757 1404 798 quae
1447 758 1545 785 cum
1588 743 1701 784 baud
1742 745 1802 785 ita
1846 745 1991 799 paucis
2023 743 2126 785 locis

534 817 790 860 emendanda
826 815 892 858 vel
924 817 1162 857 accuratius
1195 813 1446 856 illustranda
1479 818 1630 865 essent,
1661 813 1786 869 paulo
1813 814 1976 855 diutius
2003 816 2047 855 in
2074 815 2126 855 iis

534 905 628 931 sum
664 891 932 929 immoratus.
967 886 1047 928 Sed
1080 901 1191 928 1111110
1225 890 1366 927 tamen
1401 885 1452 927 ad
1484 890 1676 927 nostrum
1711 887 1978 941 propositum
2007 890 2046 927 et
2076 885 2126 927 ad

533 964 675 1017 ipsum
704 959 925 1000 Tibullum
955 958 1091 1000 redeo.
1122 958 1296 1000 Praeter
1324 956 1528 1013 elegiolas
1552 956 1601 998 de
1619 956 1834 1012 Sulpiciae
1851 955 2127 1012 Cerinthique

534 1032 749 1074 amoribus
793 1032 959 1086 farrago
983 1030 1011 1082 ¹)
1052 1029 1147 1079 illa,
1192 1042 1298 1084 quae
1342 1030 1386 1069 in
1431 1027 1647 1070 codicibus
1691 1028 1923 1070 maioribus
1965 1026 2128 1068 Tibulli

536 1104 655 1144 libris
698 1107 761 1144 est
804 1101 979 1149 adiecta,
1023 1100 1127 1142 duas
1171 1101 1302 1141 etiam
1349 1101 1537 1141 continet
1580 1098 1740 1154 elegias
1773 1113 1875 1154 quas
1907 1112 2018 1140 nunc
2050 1099 2125 1140 vix

535 1176 759 1229 quisquam
796 1177 860 1214 est·
904 1174 1096 1215 virorum
1135 1171 1356 1213 doctorum
1401 1172 1503 1225 quin
1547 1169 1718 1211 Tibullo
1762 1170 1955 1212 ascribat.
2003 1168 2126 1224 Apud

537 1245 838 1286 llaelirensium
884 1243 1091 1299 leguntur
1134 1243 1302 1298 paginis
1335 1241 1390 1283 85
1411 1256 1471 1296 sq.
1507 1245 1548 1282 et
1584 1240 1950 1296 „epigrammata”
1985 1239 2127 1296 appel-

536 1316 691 1366 lentur,
737 1317 780 1356 111
823 1314 918 1356 aliis
952 1314 1211 1356 editionibus
1244 1315 1433 1355 numeris
1468 1312 1538 1364 IV,
1577 1312 1629 1354 13
1664 1318 1705 1354 et
1736 1312 1806 1362 IV,
1848 1312 1900 1353 14
1934 1317 2033 1354 sunt
2066 1326 2127 1353 or-

536 1394 645 1428 nata.
689 1387 835 1442 Neque
868 1388 956 1427 sine
989 1399 1114 1427 causa
1145 1385 1295 1427 idonea
1327 1383 1487 1426 Tibulli
1521 1398 1609 1425 esse
1642 1388 1888 1425 censentur:
1922 1383 2127 1439 praeclari

542 1463 641 1499 sunt
683 1464 844 1513 poetae,
888 1459 960 1498 vix
994 1456 1226 1512 quidquam
1259 1457 1450 1497 invenias
1483 1455 1593 1510 quod
1627 1456 1671 1496 111
1705 1459 1794 1497 1010
1826 1469 1979 1511 genere
2013 1468 2126 1496 ama-

542 1532 649 1572 torio
692 1532 744 1570 iis
788 1532 972 1584 praestet
1112 1532 1154 1569 et
1197 1529 1334 1582 priore
1376 1541 1522 1569 earum
1565 1528 1655 1581 ipse
1697 1541 1740 1568 se
1771 1531 1896 1581 poeta
1931 1525 2128 1567 Tibullum

540 1600 738 1656 appellat.
782 1599 892 1650 Non,
936 1598 1090 1648 hercle,
1133 1603 1274 1640 nostra
1307 1603 1443 1639 aetate
1476 1603 1563 1639 tam
1597 1598 1801 1652 pertinaci
1833 1593 2153 1651 obstinatoque¹

540 1674 680 1713 animo
723 1670 945 1712 Tibullum
993 1672 1253 1726 impugnant
1297 1668 1504 1725 philologi
1548 1672 1604 1714 ut,
1640 1682 1687 1709 eo
1729 1682 1895 1724 quoque
1937 1669 2129 1709 nitantur

537 1742 717 1798 spoliare
747 1757 845 1784 eum
879 1742 1026 1784 decore
1059 1742 1169 1797 quod
1203 1743 1294 1798 ipso
1324 1742 1494 1782 nomine
1522 1742 1642 1782 cuius
1671 1742 1726 1781 sit
1753 1740 1948 1782 declarat.
1982 1740 2130 1782 Altera

537 1820 681 1856 autem
715 1829 812 1856 cum
847 1815 984 1870 priore
1017 1815 1120 1855 satis
1153 1817 1242 1854 arte
1276 1812 1490 1862 cohaeret,⁴
1516 1816 1627 1853 certe
1660 1811 1777 1853 nulla
1809 1826 1933 1853 causa
1965 1816 2028 1854 est
2056 1826 2130 1854 0111·

538 1900 629 1927 eam
673 1886 723 1927 ab
767 1885 843 1926 illa
887 1884 1156 1927 divellamus.
1203 1884 1266 1925 Ab
1311 1884 1388 1925 hac
1432 1897 1542 1924 nunc
1576 1882 1648 1924 fiat
1681 1883 1870 1924 initium.
1905 1882 1999 1924 Non
2033 1882 2130 1939 plus

539 1966 721 2011 quatuor
754 1956 881 1998 habet
915 1969 1083 1997 versus:
1118 1957 1209 2011 ipsa
1242 1969 1342 2010 ergo
1376 1955 1560 1996 brevitas
1593 1967 1685 1995 eam
1719 1953 2028 1995 Baehrensiauo
2055 1953 2130 1995 illo

538 2030 707 2069 nomine
751 2027 926 2083 dignam
968 2027 1081 2077 facit,
1128 2040 1262 2081 neque
1296 2026 1346 2067 ab
1378 2025 1454 2066 illo
1486 2024 1675 2066 alienum
1709 2028 1772 2067 est
1805 2032 2125 2081 argumentum.

539 2099 646 2140 Sunt
680 2100 793 2140 enim
828 2103 1011 2153 quatuor
1042 2097 1108 2138 illi
1142 2111 1290 2139 versus
1324 2095 1644 2138 huiuscemodi:

721 2170 883 2212 Rumor
915 2171 975 2211 ait
1007 2169 1151 2211 crebro
1183 2173 1372 2211 nostram
1405 2181 1576 2223 peccare
1607 2166 1811 2222 puellam.

781 2241 903 2282 Nunc
936 2255 1015 2296 ego
1049 2255 1117 2282 me
1151 2239 1289 2281 surdis
1324 2240 1496 2281 auribus
1529 2253 1617 2280 esse
1651 2228 1796 2281 velim.

722 2311 913 2355 Crimina
943 2327 1024 2353 non
1059 2311 1161 2353 haec
1195 2315 1295 2352 sunt
1328 2314 1470 2352 nostro
1503 2311 1593 2352 sine
1626 2310 1734 2351 facta
1768 2308 1930 2352 dolore:

781 2383 891 2435 Quid
924 2385 1131 2425 miserum
1164 2386 1349 2438 torques,
1383 2395 1530 2423 rumor
1563 2379 1736 2423 acerbe?
1767 2384 1871 2423 tace,

539 2455 726 2496 Anuotat
755 2454 976 2510 Heynius:
1009 2455 1135 2504 „miri
1163 2453 1319 2510 leporis
1347 2460 1388 2495 et
1406 2453 1660 2494 urbanitatis
1679 2454 1956 2508 epigramma.
1985 2451 2131 2494 Placet

540 2532 703 2568 amator
745 2528 832 2581 qui,
876 2526 926 2568 de
960 2524 1127 2582 puellae
1162 2525 1336 2580 perfidia
1371 2523 1594 2574 sollicitus,
1630 2528 1797 2565 tantum
1831 2524 1908 2565 hoc
1939 2525 1984 2565 in
2017 2525 2129 2566 votis

541 2597 678 2646 habet,
725 2603 772 2638 ut
812 2599 902 2652 ipse
945 2597 1098 2638 surdus
1131 2596 1213 2637 sit’'
1247 2601 1289 2638 et
1320 2598 1412 2637 iure
1446 2598 1631 2637 annotat.
1668 2595 1758 2647 Quo
1789 2596 1930 2650 magis
1964 2595 2131 2636 mireris

541 2682 639 2708 eum
668 2669 768 2709 baec
796 2670 942 2710 statim
972 2667 1146 2709 addere:
1178 2681 1256 2717 „an
1284 2666 1503 2708 Tibullum
1532 2669 1750 2708 auctorem
1780 2666 1945 2716 habeat,
1964 2665 2130 2708 credere

540 2738 639 2780 licet
683 2744 724 2780 et
766 2754 848 2780 non
892 2738 1034 2781 licet''.
1072 2739 1302 2794 Aequiores
1336 2742 1447 2779 certe
1482 2742 1623 2779 nostra
1655 2740 1792 2778 aetate
1823 2739 1866 2778 in
1898 2737 1975 2778 hac
2007 2750 2132 2778 causa

542 2808 740 2850 Tibullus
772 2814 920 2850 nactus
953 2814 1016 2851 est
1048 2809 1222 2850 iudices.
1257 2808 1337 2850 Sed
1367 2810 1510 2863 ipsum
1538 2807 1822 2863 adspiciamus
1851 2809 2130 2863 epigramma.

544 2878 794 2934 Umquamne
826 2880 1059 2935 quidquam
1087 2880 1234 2922 vidisti
1259 2881 1426 2921 acutius
1452 2877 1715 2934 salsiusque?
1747 2878 1810 2921 Ne
1836 2880 1929 2934 ipsa
1956 2878 2129 2934 quidem

590 3053 623 3091 1)
657 3052 779 3083 Iniuria
810 3053 898 3084 illam
933 3053 964 3084 in
997 3052 1187 3084 editionibus
1217 3052 1314 3083 dividi
1347 3053 1378 3083 in
1410 3054 1486 3084 duos
1510 3052 1616 3090 libros,
1642 3063 1713 3083 cum
1739 3052 1815 3083 olim
1842 3062 1903 3083 uno
1929 3051 2025 3083 fuerit
2048 3062 2131 3083 com-

544 3108 694 3147 prehensa
719 3107 810 3145 libro,
836 3107 1044 3138 Baehrensius
1069 3108 1263 3138 demonstrat
1287 3107 1353 3138 Tib.
1383 3107 1432 3138 Bl.
1456 3118 1484 3149 p.
1509 3108 1551 3137 48
1569 3118 1615 3148 sq.
