2320 3828
1260 349 1286 390 4

479 476 653 519 indoles,
684 473 885 516 Dicebam
912 487 980 514 me
1008 474 1263 528 impugnare
1289 470 1402 513 nolle
1427 470 1584 513 editam
1602 470 1722 514 illam
1742 471 2066 529 firmissimeque

478 548 693 589 munitam
739 543 970 599 stupendae
1015 542 1228 584 doctrinae
1272 555 1408 584 arcem
1443 555 1568 597 quam
1603 541 1810 599 Iacobyus
1842 545 2065 595 exstruxit,

479 631 612 672 neque
661 619 808 658 contra
856 616 947 656 eins
993 614 1134 668 copias
1182 612 1370 667 undique
1418 612 1593 654 ferratas
1641 613 1852 656 misellam
1905 613 2068 656 Tibulli

476 688 658 744 elegiam
709 688 894 741 primam
942 683 1164 726 defendere
1208 684 1361 725 ausim.
1405 682 1552 738 Neque
1595 685 1710 725 enim
1753 685 1854 740 quid
1897 686 1978 727 sibi
2020 699 2068 728 ea

475 757 761 814 componenda
794 761 917 812 poeta
949 754 1156 798 voluisset
1189 768 1379 810 unquam
1413 754 1515 796 bene
1548 754 1758 806 intellexi,
1791 769 1926 811 neque
1959 770 2069 798 nunc

474 828 686 885 intelligo.
737 827 819 869 Sed
866 828 980 868 iusto
1028 827 1217 881 iniquius
1265 828 1439 881 propter
1485 839 1617 867 unam
1661 824 1844 882 elegiam
1886 826 1935 868 de
1977 830 2065 869 toto

474 904 621 956 poetae
666 913 790 954 opere
834 897 1067 954 Iacobyum
1111 898 1312 938 statuisse
1354 896 1465 937 mihi
1497 910 1572 951 pro
1605 900 1717 938 certo
1749 900 1926 939 constat.
1959 896 2065 953 Ego,

473 973 507 1012 si
540 970 649 1012 mihi
683 968 1064 1011 demonstrandum
1097 972 1174 1019 est,
1215 967 1317 1023 quid
1349 968 1461 1009 inter
1493 966 1705 1009 Romanos
1737 968 1906 1009 intersit
1937 967 2066 1023 elegi-

473 1056 580 1092 11005,
614 1042 729 1082 hisce
762 1042 826 1082 uti
852 1039 964 1082 soleo
992 1038 1213 1081 formulis:
1245 1037 1424 1081 Ovidius
1452 1051 1526 1093 per
1554 1042 1688 1080 totam
1717 1040 1853 1081 vitam
1878 1037 2066 1082 lascivus

473 1113 555 1154 fuit
572 1110 925 1161 adolescentulus,
952 1112 1026 1166 (1111
1045 1124 1179 1166 „quae
1196 1110 1301 1152 bene
1318 1108 1512 1152 cederent
1529 1110 1709 1151 nesciret
1726 1109 1990 1165 1·elinquere'’
2014 1110 2062 1162 ¹);

473 1190 513 1226 et
547 1185 675 1225 nimis
709 1183 812 1225 bene
845 1184 883 1224 ei
916 1181 1116 1224 cedebant
1149 1182 1313 1232 omnia;
1358 1195 1473 1236 ergo,
1509 1195 1559 1222 ne
1593 1182 1859 1223 tristissimas
1892 1181 2064 1237 quidem

471 1268 537 1297 res
564 1258 747 1296 tractans
775 1255 909 1295 serius
938 1267 1026 1295 esse
1054 1256 1194 1308 potest
1221 1251 1294 1294 sed
1321 1251 1508 1293 ludibrio
1537 1251 1664 1293 habet
1692 1255 1734 1294 et
1761 1256 1894 1294 semet
1921 1254 2064 1308 ipsum

472 1330 513 1368 et
546 1328 853 1381 argumentum
887 1338 1015 1366 suum
1047 1327 1089 1366 et
1120 1323 1190 1366 vel
1221 1324 1409 1366 maxime
1440 1322 1645 1379 legentes.
1678 1323 1927 1379 Propertius
1953 1323 2064 1379 quod

472 1396 606 1439 semel
648 1397 829 1451 arripuit
871 1398 1179 1452 argumentum
1212 1396 1250 1436 ei
1286 1398 1428 1436 totum
1461 1408 1503 1435 se
1536 1393 1652 1436 dedit
1685 1394 2064 1451 ardentissimoque

471 1468 515 1509 id
558 1467 828 1522 amplexatur
869 1480 1035 1517 amore;
1069 1472 1118 1508 ut
1150 1469 1213 1508 est
1245 1465 1409 1508 fervido
1442 1465 1771 1520 vehementique
1802 1467 1973 1522 ingenio
2003 1467 2065 1507 ita

471 1552 745 1595 quaecunque
789 1539 827 1580 ei
871 1539 914 1579 in
957 1540 1147 1580 mentem
1191 1538 1371 1580 veniunt
1413 1537 1624 1592 imagines
1660 1539 1785 1591 atque
1819 1540 2063 1578 ornamenta

471 1611 637 1666 poetica
680 1634 736 1641 —
781 1612 824 1651 et
867 1612 929 1651 est
973 1622 1121 1651 eorum
1164 1609 1315 1664 ingens
1357 1621 1563 1649 numerus
1607 1631 1663 1638 —
1707 1607 1937 1662 profundit,
1979 1621 2063 1649 non

471 1695 641 1723 omnem
680 1679 854 1735 quidem
886 1679 1112 1736 negligens
1145 1678 1336 1721 ordinem
1370 1678 1440 1721 sed
1473 1679 1535 1720 ita
1569 1681 1710 1720 tamen
1742 1681 1791 1720 ut
1823 1677 2064 1734 intelligere

470 1766 569 1794 eum
613 1753 649 1793 is
684 1750 982 1793 tantummodo
1016 1751 1150 1806 possit
1183 1752 1256 1806 qui
1289 1764 1332 1792 se
1363 1751 1408 1791 in
1441 1751 1532 1791 eius
1564 1750 1850 1791 insinuaverit
1882 1748 2063 1791 familia-

468 1824 640 1865 ritatem
675 1854 684 1864 .
707 1854 714 1864 .
736 1854 774 1864 ..
809 1836 994 1878 ergoque
1028 1835 1128 1864 eum
1161 1821 1315 1864 habeat
1347 1822 1390 1862 in
1424 1819 1600 1862 deliciis.
1634 1821 1692 1862 At
1724 1819 1923 1861 Tibullus
1956 1834 2064 1861 som-

468 1895 625 1936 niantis
667 1895 802 1935 instar
843 1893 894 1935 ab
937 1892 1020 1935 alia
1052 1893 1188 1948 specie
1221 1895 1262 1934 et
1297 1892 1556 1947 cogitatione
1589 1890 1641 1933 ad
1674 1890 1803 1932 aliam
1837 1890 2062 1942 delabitur,

469 1968 696 2021 cognatam
737 1964 910 2020 quidem
944 1965 1077 2020 priori
1109 1963 1182 2006 sed
1209 1967 1351 2005 tamen
1384 1961 1540 2006 leviter
1573 1962 1624 2004 ab
1658 1976 1706 2004 ea
1739 1961 2060 2016 discrepantem,

470 2036 601 2079 donec
645 2035 817 2078 tandem
862 2049 910 2078 eo
953 2049 1044 2077 rem
1080 2034 1304 2077 deduxerit
1335 2037 1384 2076 ut
1416 2048 1498 2076 non
1533 2034 1676 2075 minus
1711 2047 1839 2088 quam
1873 2034 1946 2088 (1111
1978 2046 2062 2074 car-

468 2122 566 2150 men
600 2108 691 2149 eius
723 2106 831 2162 legit
864 2105 975 2148 unde
1007 2105 1117 2147 illud
1150 2106 1296 2148 fecerit
1327 2105 1502 2146 initium
1537 2103 1696 2146 oblitus
1729 2118 1818 2145 esse
1850 2103 2060 2145 videatur.

470 2178 594 2220 Vides
638 2191 784 2219 meum
828 2177 878 2219 de
921 2175 1092 2219 Tibullo
1126 2176 1335 2219 iudicium
1368 2177 1475 2217 mire
1508 2189 1607 2217 cum
1640 2174 1952 2217 Baehrensiano
1985 2174 2060 2216 illo

472 2250 702 2291 concinere.
747 2248 868 2300 Quod
909 2262 960 2290 ne
1005 2247 1055 2290 de
1097 2247 1234 2290 nihilo
1276 2246 1424 2288 fictum
1469 2246 1666 2288 videatur
1707 2261 1825 2286 unam
1866 2247 1958 2288 eius
1990 2245 2059 2287 hic

468 2334 713 2375 percurram
759 2318 942 2375 elegiam
955 2332 965 2370 ;
1013 2333 1095 2374 qua
1138 2320 1174 2360 si
1217 2321 1266 2360 ut
1307 2322 1444 2360 totam
1484 2321 1630 2373 poetae
1661 2316 1845 2358 indolem
1875 2318 1919 2358 in
1951 2315 2062 2358 clara

467 2405 622 2446 ponam
665 2390 760 2432 luce
798 2390 908 2432 mihi
941 2391 1183 2446 contigerit,
1219 2390 1391 2444 aequior
1422 2389 1532 2430 mihi
1564 2388 1695 2430 fuisse
1731 2387 1902 2429 videbor
1932 2387 2060 2429 index

468 2476 595 2517 quam
643 2462 716 2517 qui
763 2475 849 2502 una
899 2460 1036 2516 elegia
1084 2475 1186 2502 usus
1235 2474 1335 2501 eum
1384 2461 1501 2515 turpi
1549 2458 1848 2501 condemnavit
1887 2458 2057 2499 iudicio.

471 2532 651 2574 Sumam
696 2531 795 2574 libri
829 2533 958 2588 primi
990 2533 1176 2582 tertiam,
1211 2544 1318 2586 quae
1351 2531 1461 2571 mihi
1492 2544 1659 2585 semper
1690 2530 1782 2572 visa
1813 2533 1876 2571 est
1909 2530 2058 2571 ceteris

469 2604 666 2646 omnibus
698 2607 924 2659 praestare.

529 2673 706 2717 Cohorti
739 2675 972 2729 praetoriae
1004 2672 1267 2728 adscriptum
1300 2685 1342 2714 se
1374 2674 1417 2713 et
1449 2685 1547 2713 cum
1579 2669 1779 2713 Messalla
1811 2669 1862 2712 ad
1894 2670 2057 2712 bellum

467 2745 707 2800 profectum
751 2748 886 2799 poeta,
929 2745 974 2786 in
1016 2743 1156 2785 insula
1189 2742 1385 2799 Corcyra,
1419 2743 1494 2784 ubi
1526 2744 1569 2783 in
1601 2741 1800 2783 morbum
1833 2743 1889 2782 sit
1918 2741 2059 2796 impli-

468 2817 592 2866 citus,
628 2814 825 2856 relictum
858 2816 1143 2870 conqueritur.
1179 2813 1240 2856 De
1273 2814 1420 2856 morbo
1452 2812 1526 2855 illo
1554 2812 1825 2860 lamentatur,
1856 2813 1928 2867 qui
1956 2813 2056 2867 quin

468 2887 548 2928 sibi
582 2887 637 2927 sit
670 2886 840 2927 futurus
874 2886 1067 2928 funestus
1100 2899 1182 2927 non
1216 2885 1404 2936 dubitat;
1439 2883 1595 2926 Isidem
1627 2885 1797 2926 invocat
1829 2896 1955 2938 quam
1984 2896 2058 2924 sua

467 2956 590 2999 Delia
632 2971 798 3013 semper
841 2960 929 2999 tam
973 2958 1041 3013 pie
1073 2955 1251 2998 coluerit
1264 2969 1274 3007 3
1312 2959 1383 3007 „at
1416 2955 1524 3012 ego’'
1559 2956 1619 2997 ait
1654 2967 1706 3005 „a
1738 2955 1886 3009 patriis
1917 2955 2058 3009 potius

514 3110 544 3148 1)
569 3110 639 3140 Seu.
666 3108 725 3140 Rh.
753 3108 809 3146 lx,
836 3109 863 3138 5.
