2320 3828
583 778 651 829 IV,
689 778 713 819 6

703 848 866 891 Natalis
899 849 1018 899 Iuno,
1054 854 1220 891 sanctos
1254 863 1354 904 cape
1389 851 1496 890 turis
1529 848 1720 898 honores,

763 920 874 971 Quos
907 921 983 961 tibi
1019 920 1090 962 dat
1124 926 1266 962 tenera
1299 920 1421 962 docta
1452 918 1595 974 puella
1628 932 1771 960 manu.

701 990 828 1033 Culta
853 991 880 1044 ¹)
916 991 994 1032 tibi
1027 995 1091 1033 est
1125 991 1262 1041 hodie,
1293 991 1371 1032 tibi
1401 1005 1443 1032 se
1475 989 1746 1031 laetitissima
1778 991 1977 1045 compsit,

760 1062 900 1104 Staret
933 1068 982 1104 ut
1014 1066 1110 1105 ante
1145 1067 1240 1104 tuos
1273 1061 1569 1117 conspicienda
1602 1061 1729 1102 focos.

699 1132 777 1174 Illa
816 1133 988 1188 quidem
1022 1133 1197 1175 ornandi
1230 1147 1377 1175 causas
1411 1134 1501 1183 tibi,
1536 1132 1646 1183 diva,
1682 1131 1869 1188 relegat:

760 1204 836 1245 Est
870 1209 1011 1246 tamen
1047 1204 1211 1246 occulte
1245 1206 1313 1246 cui
1347 1203 1555 1260 placuisse
1590 1202 1706 1245 velit.

697 1275 735 1315 A
769 1279 829 1324 tu,
863 1280 1019 1326 sancta,
1054 1276 1163 1323 fave,
1198 1290 1279 1317 neu
1314 1277 1408 1330 quis
1441 1274 1618 1316 divellat
1651 1278 1854 1324 amantes,

758 1346 839 1388 Sed
871 1348 1018 1389 iuveni
1053 1361 1209 1402 quaeso
1245 1352 1397 1388 mutua
1431 1345 1570 1387 vincla
1603 1359 1716 1401 para.

696 1416 764 1459 Sic
799 1418 901 1460 bene
935 1432 1185 1474 compones:
1220 1418 1300 1459 ulli
1320 1416 1352 1467 ²)
1388 1432 1466 1459 nou
1502 1416 1575 1458 ille
1607 1415 1773 1472 puellae

757 1489 923 1532 Servire
958 1495 1032 1532 aut
1065 1492 1265 1546 cuiquam
1299 1489 1469 1545 dignior
1500 1488 1575 1530 illa
1609 1489 1714 1530 viro.

695 1560 783 1603 Nec
816 1563 949 1616 possit
981 1561 1156 1617 cupidos
1190 1561 1376 1618 vigilans
1409 1560 1663 1616 deprendere
1696 1563 1839 1601 custos
1859 1557 1906 1610 3),

754 1632 1030 1689 Fallendique
1064 1635 1154 1675 vias
1189 1632 1308 1674 mille
1342 1634 1555 1674 ministret
1592 1633 1738 1673 Amor.

695 1705 845 1746 Annue
879 1719 1177 1760 purpureaque
1214 1705 1310 1746 veni
1343 1702 1557 1759 perlucida
1590 1701 1724 1758 palla:

754 1774 835 1817 Ter
866 1777 944 1817 tibi
979 1776 1026 1817 fit
1058 1775 1159 1826 libo,
1194 1780 1269 1825 ter,
1304 1775 1379 1817 dea
1413 1778 1539 1823 casta,
1575 1788 1705 1815 mero.

692 1847 934 1903 praecipiat
954 1845 986 1900 4)
1019 1855 1143 1890 natae
1177 1851 1314 1889 mater
1347 1846 1536 1887 studiosa
1569 1845 1671 1900 quid
1705 1848 1822 1900 optet
1841 1845 1874 1898 5)

753 1917 832 1960 Illa
865 1918 981 1961 aliud
1017 1921 1158 1970 tacita,
1192 1921 1280 1961 iam
1315 1932 1391 1960 sua
1410 1917 1456 1969 ⁰),
1492 1922 1633 1958 mente
1666 1922 1802 1972 rogat.

694 1989 857 2038 Uritur,
892 1994 940 2031 ut
973 1990 1128 2033 celeres
1161 1993 1293 2032 urunt
1325 1989 1475 2031 altaria
1508 1987 1718 2037 flammae,

752 2060 839 2102 Neo
872 2060 998 2103 liceat
1031 2063 1244 2117 quamvis,
1280 2075 1380 2103 sana
1413 2060 1542 2101 fuisse
1577 2058 1696 2108 velit,

692 2131 803 2174 Diva
835 2134 932 2174 veni
965 2132 1129 2188 placida
1150 2132 1195 2185 ⁷),
1230 2136 1291 2184 ut,
1326 2133 1470 2174 veniet
1501 2145 1599 2172 cum
1633 2131 1855 2185 proximus
1888 2143 2037 2179 annus,

751 2202 834 2244 Hic
866 2203 979 2245 idem
1013 2206 1125 2246 votis
1156 2205 1243 2246 iam
1277 2207 1401 2246 vetus
1435 2201 1546 2244 adsit
1565 2200 1598 2253 ς>
1632 2201 1777 2242 Amo-r.

552 2905 583 2944 1)
608 2915 636 2936 v.
662 2915 693 2946 p.
718 2904 768 2935 18.
1389 2903 1422 2942 2)
1445 2913 1472 2934 v.
1500 2913 1529 2944 p.
1558 2903 1609 2934 19.

551 2961 582 2999 3)
606 2971 634 2991 v.
661 2971 690 3001 p.
716 2960 768 2992 20.
1388 2959 1421 2996 4)
1446 2968 1474 2989 v.
1499 2968 1529 2999 p.
1555 2958 1597 2989 20
1611 2968 1658 2999 sq.

552 3017 582 3054 5)
607 3025 636 3046 v.
662 3026 690 3056 p.
716 3015 769 3046 21.
1390 3013 1422 3051 6)
1446 3023 1473 3043 v.
1499 3023 1529 3054 p.
1555 3012 1607 3044 21.

549 3069 580 3109 7)
606 3069 665 3107 Sic,
690 3069 727 3100 ad
752 3069 862 3100 incitas
888 3069 1041 3107 redactus,
1066 3068 1160 3105 edidi,
1185 3079 1214 3100 v.
1239 3080 1268 3110 p.
1295 3068 1337 3099 22
1350 3078 1394 3110 sq.

550 3126 582 3165 8)
607 3135 634 3156 v.
660 3136 689 3167 p.
715 3124 768 3156 22.
