2320 3828
1291 349 1347 391 52

1180 646 1460 691 TIBULLUS

1194 749 1264 800 IV,
1301 748 1433 791 2—6.

873 883 928 912 DE
959 882 1175 913 SULPIGIAE
1208 883 1261 914 ET
1293 883 1494 914 CERINTHI
1526 884 1755 915 AMORIBUS.

518 1017 586 1058 IV.
622 1017 648 1058 2
695 1017 884 1074 Sulpicia
917 1022 980 1060 est
1014 1019 1092 1060 tibi
1127 1018 1242 1061 culta
1276 1020 1376 1070 tuis,
1410 1019 1528 1061 Mars
1562 1033 1730 1075 magne,
1766 1019 1969 1062 Kalendis

759 1089 1009 1144 Spectatum
1045 1104 1065 1131 e
1099 1089 1230 1140 caelo,
1265 1092 1301 1132 si
1333 1092 1445 1146 sapis
1470 1089 1512 1142 ¹),
1547 1092 1636 1146 ipse
1670 1093 1781 1133 veni.

703 1159 790 1202 Hoc
824 1160 964 1202 Venus
995 1162 1211 1216 ignoscet:
1248 1167 1291 1203 at
1325 1170 1386 1211 tu,
1423 1161 1622 1212 violente,
1658 1168 1806 1204 caveto

760 1230 822 1272 Ne
856 1231 933 1272 tibi
966 1233 1141 1274 miranti
1172 1234 1355 1287 turpiter
1387 1245 1505 1273 arma
1536 1232 1700 1274 cadant.

698 1300 820 1343 Illius
851 1315 901 1343 ex
936 1302 1084 1353 oculis,
1120 1317 1219 1344 cum
1253 1302 1347 1344 vult
1383 1317 1558 1345 exurere
1592 1303 1726 1354 divos,

762 1370 967 1414 Accendit
997 1375 1192 1430 geminas
1223 1373 1441 1430 lampadas
1475 1388 1568 1416 acer
1602 1375 1745 1416 Amor.

700 1442 839 1494 Illam,
874 1444 1082 1500 quidquid
1114 1447 1217 1500 agit,
1252 1459 1420 1501 quoquo
1455 1447 1639 1501 vestigia
1670 1447 1821 1497 movit,

761 1512 991 1570 Componit
1021 1516 1174 1557 furtim
1207 1517 1567 1572 subsequiturque
1600 1515 1748 1558 Decor.

700 1584 784 1627 Seu
817 1585 945 1628 solvit
979 1588 1127 1638 crines,
1161 1587 1267 1629 fusis
1301 1587 1419 1630 decet
1449 1602 1539 1630 esse
1572 1587 1759 1643 capillis:

761 1655 845 1698 Seu
878 1650 1072 1713 compsit,
1108 1660 1290 1713 comptis
1323 1662 1385 1700 est
1417 1659 1655 1714 veneranda
1686 1660 1832 1701 comis.

702 1727 812 1780 Urit,
846 1743 920 1771 seu
954 1729 1085 1785 Tyria
1119 1729 1260 1772 voluit
1292 1730 1516 1786 procedere
1549 1730 1676 1786 palla,

763 1800 873 1851 Urit,
907 1815 980 1842 seu
1013 1802 1137 1843 nivea
1170 1801 1347 1844 candida
1378 1807 1495 1854 veste
1527 1803 1658 1844 venit.

703 1870 818 1914 Talis
851 1873 893 1913 in
927 1876 1096 1914 aeterno
1125 1873 1227 1915 felix
1261 1873 1524 1915 Vertumnus
1557 1873 1742 1930 Olympo

762 1942 886 1985 Mille
920 1943 1047 1986 habet
1080 1948 1268 1995 ornatus,
1301 1944 1420 1987 mille
1453 1945 1648 1987 decenter
1678 1945 1818 1986 habet.

702 2014 799 2057 Sola
831 2014 1074 2070 puellarum
1108 2016 1237 2072 digna
1270 2020 1346 2067 est,
1380 2018 1449 2058 cui
1482 2015 1632 2058 mollia
1664 2017 1770 2058 caris

764 2084 927 2128 Vellera
959 2086 1030 2128 det
1062 2088 1174 2129 sucis
1206 2088 1271 2129 bis
1302 2088 1539 2130 madefacta
1570 2087 1719 2144 Tyros,

703 2157 1019 2213 Possideatque,
1055 2160 1181 2201 metit
1214 2159 1421 2215 quidquid
1453 2159 1558 2201 bene
1591 2158 1804 2201 olentibus
1835 2160 1949 2202 arvis

764 2227 913 2271 Cultor
944 2229 1139 2271 odoratae
1172 2229 1290 2273 dives
1323 2231 1457 2273 Arabs
1490 2231 1662 2286 segetis,
1743 2229 1746 2231 ’

704 2299 757 2341 Et
789 2314 1060 2356 quascunque
1093 2302 1215 2357 niger
1246 2302 1374 2344 rubro
1405 2302 1454 2343 de
1485 2301 1610 2344 litore
1641 2314 1836 2357 gemmas

765 2371 991 2413 Proximus
1024 2372 1122 2413 Eois
1154 2372 1324 2429 colligit
1355 2373 1484 2415 Indus
1517 2374 1650 2429 aquis.

705 2442 826 2484 Hanc
859 2456 947 2493 VOS,
981 2442 1185 2494 Pierides,
1220 2444 1339 2486 festis
1372 2448 1537 2486 cantate
1570 2442 1788 2494 Kalendis,

765 2513 819 2554 Et
851 2513 1105 2564 testudinea,
1139 2514 1307 2557 Phoebe
1340 2516 1531 2571 superbe,
1564 2514 1660 2571 lyra

703 2584 796 2626 Hoc
829 2583 1033 2626 sollemne
1065 2598 1233 2626 sacrum
1266 2585 1428 2628 multos
1461 2585 1699 2627 celebretur
1719 2584 1750 2636 ²)
1782 2586 1822 2626 in
1858 2598 1989 2627 annos

766 2656 948 2711 Dignior
979 2661 1043 2697 est
1074 2661 1213 2698 vestro
1246 2657 1362 2699 nulla
1396 2656 1540 2713 puella
1573 2657 1713 2699 choro.

572 3071 599 3110 1)
624 3071 650 3102 si
673 3072 755 3112 sapis
784 3087 815 3099 =
845 3073 904 3104 nisi
929 3075 984 3105 tua
1007 3074 1099 3116 culpa
1123 3084 1228 3105 carere
1254 3074 1300 3105 vis
1323 3073 1537 3116 pulcherrimo
1564 3074 1754 3116 spectaculo.

570 3127 601 3165 2)
630 3128 671 3157 Dc
697 3127 828 3158 lectione
853 3139 880 3159 v.
907 3139 936 3170 p.
963 3129 1013 3160 10.
