2320 3828
975 348 1000 390 9

435 469 519 512 Seu
551 472 745 526 compsit,
780 472 959 526 comptis
992 475 1056 513 est
1089 472 1325 514 veneranda
1359 473 1503 513 comis.

377 541 488 591 Urit,
523 555 596 583 seu
629 541 758 597 Tyria
791 541 927 583 voluit
959 541 1177 596 procedere
1210 541 1346 596 palla;

438 611 534 652 Urit
565 625 638 653 seu
672 613 797 654 nivea
829 611 1004 654 candida
1038 615 1151 654 veste
1186 614 1316 653 venit.

256 682 382 724 Haud
409 682 606 737 equidem
635 684 763 724 mirer
790 684 824 724 si
852 684 959 738 quis,
989 696 1039 724 ne
1068 682 1287 724 Tibullum
1315 682 1592 738 elegiolarum
1621 687 1778 724 nostra-

195 768 292 796 rum
319 756 487 808 poetam
514 753 653 804 faciat,
683 752 834 795 Ovidio
863 766 930 794 eas
958 753 1149 794 ascribat,
1183 753 1244 795 De
1271 767 1317 795 eo
1345 754 1474 795 etiam
1500 753 1778 795 Baelirensius

194 825 400 880 cogitasse
431 823 602 865 videtur
633 837 731 865 cum
764 824 865 865 haec
897 824 1118 865 scriberet:

256 894 350 945 „Im
384 893 531 935 Kreise
564 893 799 936 Messalla's
831 893 1083 936 verkehrten
1119 894 1222 936 doch
1251 894 1368 936 nicht
1396 893 1508 935 blosz
1538 893 1675 935 solche
1706 893 1778 934 Di-

193 965 414 1015 lettanten,
459 967 537 1007 wie
578 967 654 1007 wir
697 967 756 1007 sie
787 967 830 1006 in
864 964 1128 1021 Lygdamus,
1166 965 1261 1006 dem
1298 964 1510 1006 Vei-fasser
1543 964 1613 1006 des
1646 965 1779 1006 Pane-

193 1038 382 1093 gyricus,
416 1035 487 1078 des
515 1035 650 1079 Culex
678 1050 717 1078 u.
738 1050 769 1078 S.
789 1050 840 1077 w.
869 1034 1055 1077 kennen!
1084 1035 1144 1076 Zu
1173 1035 1412 1078 demselben
1438 1035 1642 1091 gehorten
1673 1035 1776 1077 doch

195 1108 303 1150 auch
336 1107 475 1149 wahre
508 1106 682 1149 Dichter
715 1108 794 1148 wie
826 1106 937 1149 Ovid
968 1106 1055 1148 und
1088 1105 1281 1148 andere’'.

254 1179 366 1221 Nam
399 1178 511 1233 quod
543 1178 682 1220 addit:

258 1248 348 1299 ,‚Ja,
391 1262 475 1290 wer
517 1247 608 1290 will
650 1262 728 1290 uns
773 1248 1025 1303 verbiirgen,
1060 1247 1152 1289 dass
1185 1248 1283 1289 nich
1316 1247 1516 1289 Messalla
1548 1247 1677 1290 selbst
1711 1248 1776 1290 die

195 1320 322 1362 Liebe
354 1321 491 1362 seiner
523 1319 678 1361 Nichte
712 1319 899 1374 poetisch
934 1333 985 1359 zu
1017 1318 1239 1361 verklaren
1273 1317 1584 1360 unte1·nal1m?''

194 1390 339 1432 ludere
370 1391 436 1433 vir
467 1391 858 1446 praestantissimus
891 1389 1076 1432 videtur.

256 1460 380 1504 Certe
412 1475 484 1503 sex
515 1461 560 1502 hi
588 1460 788 1503 versiculi
822 1459 1132 1515 quodammodo
1165 1458 1348 1502 colorem
1382 1460 1588 1515 quendam
1625 1460 1779 1501 habent

196 1532 477 1583 Ovidianum3
522 1532 595 1574 sed
637 1545 765 1586 quam
808 1531 1041 1573 verecunde
1085 1544 1125 1572 se
1167 1532 1278 1572 intra
1314 1532 1448 1573 iustos
1483 1532 1666 1573 continet
1699 1534 1778 1572 ter-

195 1604 334 1645 minos
367 1607 523 1645 noster.
557 1602 736 1645 Ovidius
765 1603 837 1645 vix
865 1603 1025 1658 viginti
1054 1601 1122 1643 hic
1149 1604 1368 1643 contentus
1396 1601 1546 1642 fuisset
1573 1601 1777 1643 versibus.

255 1674 332 1716 Est
373 1677 415 1716 et
457 1673 566 1716 alius
610 1677 744 1729 poeta,
788 1674 909 1715 cuius
951 1673 1018 1715 hic
1061 1672 1343 1723 recordamur,
1387 1672 1648 1728 Propertius.
1699 1671 1779 1715 Cui

196 1747 309 1787 enim
336 1760 420 1787 non
445 1744 523 1786 illa
548 1759 616 1786 seu
635 1769 688 1776 —
706 1759 773 1786 seu
800 1746 844 1786 in
871 1747 1059 1786 mentem
1082 1747 1232 1786 vocant
1260 1743 1468 1785 distichon
1486 1744 1777 1785 notissimum:

377 1815 462 1858 Seu
495 1815 702 1871 quidquid
735 1816 848 1866 fecit,
883 1816 973 1859 sive
1005 1819 1068 1857 est
1101 1815 1377 1871 quodcunque
1409 1814 1562 1866 locuta,

438 1886 631 1928 Maxima
662 1887 711 1928 de
745 1886 880 1928 nihilo
913 1888 1099 1928 nascitur
1131 1884 1334 1927 historia?

196 1957 277 2000 Sed
311 1971 422 2000 nunc
454 1971 620 2012 quoque
651 1963 829 2012 uterque
861 1961 984 2012 poeta
1017 1961 1078 1999 est
1111 1955 1248 2012 qualis
1281 1970 1369 1998 esse
1398 1955 1528 1997 solet:
1559 1956 1779 1997 vehemen-

196 2030 279 2071 tior
310 2028 606 2084 ardentiorque
638 2028 899 2083 Propertius,
932 2027 1065 2070 lenior
1098 2027 1383 2083 placidiorque
1414 2026 1627 2068 Tibullus.

253 2098 401 2141 Talem
444 2113 545 2155 ergo
588 2098 777 2154 puellam
821 2098 994 2154 dignam
1033 2102 1157 2153 poeta
1189 2097 1343 2139 clamat
1377 2098 1500 2138 rebus
1532 2110 1634 2152 quas
1669 2097 1778 2138 orbis

193 2173 403 2212 terrarum
437 2170 518 2212 fert
551 2170 883 2225 pretiosissimis.
918 2169 1006 2211 Has
1040 2183 1207 2224 quoque
1242 2182 1312 2210 sex
1341 2171 1560 2210 enumerat
1587 2167 1779 2209 versibus

193 2240 423 2294 (15—20),
466 2243 561 2282 tum
604 2240 715 2296 quod
758 2244 939 2295 quatuor
980 2254 1182 2281 versuum
1215 2240 1481 2281 invocatione
1514 2252 1682 2279 carmen
1716 2239 1778 2278 in-

193 2312 376 2362 choavit,
420 2315 601 2367 quatuor
643 2325 847 2354 versuum
889 2312 1152 2353 invocatione
1185 2309 1605 2361 claudit(21—24).
1649 2308 1778 2350 Nulla

192 2396 382 2438 unquam
413 2381 550 2438 elegia
582 2384 723 2438 aptius
755 2381 1078 2438 elegantiusque
1110 2381 1194 2423 fuit
1226 2381 1471 2435 composita.
1516 2380 1651 2421 Lubet
1686 2393 1776 2421 rem

191 2454 235 2494 in
270 2452 415 2495 tabula
447 2466 703 2509 proponere:

192 2565 405 2608 Invocatio
438 2566 490 2608 ad
521 2566 710 2608 Martem
1501 2563 1541 2604 ΙΙ
1571 2562 1749 2604 disticha

525 2638 822 2678 transitorium
856 2636 1066 2678 distichon
1518 2633 1538 2674 I

193 2706 405 2763 Sulpiciae
438 2721 611 2750 veneres
645 2707 940 2749 describuntur
1476 2704 1537 2746 III
1566 2703 1757 2745 distichis

257 2791 318 2819 vs.
354 2777 409 2819 13
432 2791 491 2832 sq.
527 2779 825 2819 transitorium
859 2777 1069 2819 distichon
1518 2774 1537 2816 Ι

193 2847 312 2890 Dona
345 2847 556 2903 Sulpiciae
589 2847 795 2890 offerenda
828 2847 1122 2889 describuntur
1476 2844 1538 2886 III
1565 2844 1756 2885 distichis

194 2917 419 2961 Clauditur
444 2932 613 2961 carmen
636 2919 863 2960 Musarum
889 2921 931 2960 et
954 2917 1166 2972 Apollinis
1193 2917 1458 2959 invocatione
1499 2915 1539 2956 II
1568 2914 1747 2956 disticha

1558 2984 1775 3040 implente.

256 3089 318 3132 De
349 3090 426 3132 hac
459 3104 591 3146 pauca
622 3092 751 3132 etiam
783 3089 955 3131 dicenda
987 3091 1168 3130 restant:
