2320 3828
951 363 1002 406 17

182 483 267 525 Iam
308 495 431 524 mmo:
475 484 719 538 agnoscisne
758 483 1118 528 adolescentulum
1151 487 1326 529 vixdum
1360 491 1492 530 amori
1526 494 1760 540 maturum,

183 568 317 614 quem·
341 567 383 596 se
416 554 497 595 sibi
530 552 608 595 soli
641 559 905 596 servaturam
939 561 1078 610 sperat
1110 558 1281 612 quidem
1314 558 1514 614 Sulpicia,
1549 560 1619 602 sed
1652 559 1762 601 solli-

182 626 265 667 cita
297 627 437 680 sperat
469 624 721 678 timorisque
753 622 905 679 plena?

241 694 486 750 Tantusque
529 695 657 736 timor
701 695 781 735 iste
823 699 871 736 ut
903 696 987 736 iam
1023 698 1087 737 sui
1122 711 1214 739 eam
1247 701 1466 750 1nisereat;
1501 700 1760 742 lacrimantis

181 766 293 807 enim
328 770 370 808 et
402 764 695 821 singultientis
728 768 827 806 sunt
859 779 965 820 quae
999 767 1193 809 subiicit:

359 835 446 879 Nec
479 839 525 876 tu
558 836 615 876 sis
647 835 806 876 iniusta
840 834 1003 877 Venus:
1038 836 1104 878 vel
1138 840 1293 880 serviat
1327 854 1454 894 aeque

422 905 594 947 Vinctus
627 909 804 961 uterque
837 906 929 956 tibi,
964 906 1034 949 vel
1066 922 1158 949 mea
1192 909 1331 951 vincla
1365 910 1471 953 leva.

177 977 258 1019 Sed
289 976 400 1019 laeta
431 978 630 1019 timorem
661 990 755 1032 spes
786 975 893 1018 lenit
926 980 1050 1032 atque
1084 978 1184 1020 adeo
1219 979 1351 1022 tollit:

358 1047 439 1090 Sed
473 1049 615 1102 potius
645 1046 785 1089 valida
817 1051 1037 1089 teneamur
1069 1053 1245 1104 uterque
1280 1056 1436 1100 catena,

418 1117 547 1161 Nulla
579 1121 706 1173 queat
736 1118 912 1173 posthac
944 1133 1018 1160 nos
1051 1118 1227 1162 soluisse
1263 1121 1362 1163 dies.

238 1189 321 1232 Hic
364 1203 530 1245 quoque
573 1203 663 1231 rem
703 1202 781 1230 acu
822 1190 1012 1245 tetigisse
1046 1190 1245 1232 videntur
1280 1191 1447 1242 „ltali’',
1481 1194 1553 1247 qui
1585 1208 1680 1235 cum
1715 1196 1756 1235 in

177 1260 370 1316 exemplo
414 1274 489 1302 suo
533 1263 629 1315 post
663 1260 832 1312 posthae
874 1259 1070 1301 lacunam
1114 1261 1327 1312 haberent,
1362 1262 1476 1304 illam
1513 1278 1611 1305 voce
1645 1280 1756 1319 quam

176 1331 414 1387 explerunt.
448 1330 595 1373 Minus
622 1330 794 1372 fuerunt
822 1329 963 1373 felices
990 1333 1061 1386 qui
1088 1334 1439 1388 excogitaverunt
1465 1350 1547 1384 7208,
1576 1335 1686 1389 quod
1714 1337 1754 1376 in

177 1401 216 1445 G
249 1406 290 1445 et
321 1404 364 1444 in
392 1401 427 1443 V
454 1415 478 1443 a
506 1415 635 1443 manu
664 1401 845 1443 secunda
873 1401 1046 1457 legitur,
1075 1403 1267 1458 quodque
1286 1406 1439 1459 recepit
1459 1404 1755 1456 Baehrensius3

173 1475 342 1529 ingrata
383 1474 496 1515 enim
539 1473 803 1527 pronominis
838 1474 1035 1528 repetitio
1068 1487 1173 1528 quae
1205 1475 1313 1515 inest
1346 1476 1389 1515 in
1421 1479 1620 1516 teneamur

174 1559 256 1595 nos,
299 1545 510 1586 sententia
552 1557 652 1586 vero
693 1542 872 1585 relativa
904 1557 927 1585 a
959 1549 1084 1585 cetera
1117 1544 1352 1600 dependens
1384 1545 1643 1600 lepidissime
1675 1546 1754 1588 loci

173 1619 432 1657 structuram
459 1615 610 1656 variat.
638 1612 881 1664 Cartaltius,
911 1613 1032 1656 credo
1060 1628 1109 1656 ne
1138 1615 1369 1670 quidquam
1397 1618 1561 1658 miseris
1588 1617 1755 1659 deberet

172 1685 304 1737 Italis,
338 1699 362 1727 a
393 1684 651 1740 Rossbergio
685 1686 843 1740 recepit
876 1685 992 1736 banau
1029 1686 1137 1726 mihi
1172 1686 1442 1728 vehementer
1474 1687 1665 1742 displicet
1696 1690 1754 1729 in-

172 1759 322 1812 gratus
353 1769 478 1798 sonus
508 1756 552 1796 in
575 1755 745 1808 posthac
777 1756 890 1796 Itane.

231 1826 342 1868 Nam
385 1825 501 1868 haud
543 1825 591 1867 de
622 1825 756 1867 nihilo
789 1830 932 1867 natam
965 1840 1083 1881 spem
1114 1826 1233 1868 illam
1268 1828 1348 1869 sibi
1381 1829 1750 1883 persuasissimum

169 1897 296 1940 habet
327 1911 473 1939 amans
503 1895 664 1952 puella:

352 1966 480 2023 Optat
510 1966 625 2009 idem
657 1967 826 2009 iuvenis
859 1966 970 2022 quod
1003 1982 1090 2017 nOS,
1125 1968 1195 2009 sed
1229 1970 1379 2010 tectius
1413 1972 1531 2023 optat

411 2037 522 2080 Nam
554 2037 685 2092 pudet
716 2037 818 2079 haec
848 2037 976 2078 illum
1010 2038 1145 2080 dicere
1177 2038 1303 2081 verba
1335 2038 1489 2094 palam.

230 2108 338 2164 Ipsa,
382 2122 488 2163 quae
531 2108 605 2150 diu
648 2109 735 2149 iam
778 2110 818 2149 in
854 2109 1022 2150 Amoris
1055 2108 1306 2151 militaverit
1338 2111 1483 2151 castris
1517 2109 1627 2150 haud
1661 2111 1749 2151 sine

168 2179 318 2235 gloria,
346 2193 455 2222 nova
480 2179 559 2221 hac
586 2178 774 2222 exsultat
801 2180 1076 2235 superbitque
1107 2181 1301 2229 victoria;
1330 2194 1460 2235 puero
1479 2180 1606 2221 rubor
1622 2194 1750 2235 genas

168 2254 287 2293 notat
314 2251 509 2306 quamvis
536 2264 579 2292 se
608 2251 813 2293 victorem
842 2252 1007 2292 sentiat.
1037 2250 1120 2292 Hic
1143 2250 1276 2305 pudor
1295 2254 1342 2291 ut
1360 2249 1534 2291 tollatur
1551 2265 1654 2305 opus
1673 2255 1748 2300 est,

167 2322 252 2363 iam
285 2322 329 2362 in
360 2320 582 2377 amplexus
616 2322 737 2363 anxie
772 2322 1055 2376 exspectantis
1089 2320 1304 2362 advolabit
1335 2322 1529 2376 virginis.
1563 2320 1642 2362 Sed
1671 2321 1750 2362 for-

168 2395 277 2434 tasse
307 2406 358 2434 ne
391 2406 496 2447 opus
524 2391 697 2447 quidem
727 2395 812 2433 est:
843 2393 878 2433 si
904 2391 1108 2446 pudorem
1138 2405 1264 2433 suum
1295 2392 1458 2433 vincere
1488 2405 1566 2432 non
1596 2393 1750 2445 poterit

167 2477 284 2517 puer,
326 2464 368 2504 in
414 2467 602 2517 tempore
646 2462 781 2504 aderit
823 2461 986 2504 Natalis
1029 2464 1131 2517 ipse,
1177 2476 1301 2516 quem
1347 2466 1439 2503 ture
1483 2467 1523 2502 et
1555 2463 1749 2517 precibus

167 2533 247 2574 sibi
278 2532 422 2588 puella
452 2532 635 2574 reddidit
668 2533 919 2588 propitium.
952 2532 1077 2574 Hunc
1110 2546 1210 2587 ergo
1244 2531 1378 2573 denuo
1410 2533 1600 2573 invocat:

347 2603 404 2645 At
436 2606 498 2654 tu,
532 2602 710 2654 Natalis,
745 2605 944 2658 quoniam
979 2602 1081 2644 deus
1115 2604 1256 2644 omnia
1287 2604 1429 2652 sentis,

408 2675 581 2716 Annue:
617 2674 718 2729 quid
751 2674 892 2723 refert,
929 2673 1091 2715 clamne
1125 2673 1320 2728 palamne
1353 2671 1500 2728 roget?

165 2744 417 2800 Unquamne
459 2743 642 2800 lepidius
673 2744 860 2786 clausam
893 2744 1041 2787 vidisti
1074 2743 1258 2799 lepidam
1292 2741 1543 2799 elegiolam'?
1577 2743 1747 2785 Poterat

165 2829 263 2857 sane
305 2816 381 2857 hos
422 2814 650 2858 versiculos
689 2819 729 2857 et
762 2815 941 2857 Ovidius
974 2815 1107 2857 facere
1140 2816 1250 2869 (quis
1282 2818 1446 2869 praeter
1478 2828 1575 2855 eum
1609 2818 1650 2855 et
1682 2814 1747 2855 Ti-

164 2885 332 2927 bullum
374 2888 562 2942 potuerit
604 2901 686 2928 non
718 2886 872 2938 video),
918 2886 988 2927 sed
1021 2887 1055 2927 si
1088 2886 1266 2935 fecisset,
1303 2885 1567 2939 aliquamdiu
1600 2887 1743 2934 etiam,

163 2959 212 2997 ut
255 2958 414 3012 opinor,
457 2959 502 2999 in
544 2959 847 2999 venustissimo
879 2961 988 2998 esset
1020 2958 1271 2997 immoratus
1304 2957 1476 2997 invento
1615 2960 1655 2996 et
1687 2957 1744 2996 sic

164 3026 276 3070 ultro
324 3028 367 3069 id
414 3030 683 3084 corrupisset.
733 3027 978 3070 Praeclarus
1026 3031 1147 3082 poeta
1195 3031 1333 3068 noster
1380 3027 1423 3066 in
1474 3030 1659 3080 tempore
1702 3040 1743 3066 se

164 3099 362 3141 continet.

1531 3176 1550 3206 2
