2320 3828
1306 356 1360 401 18

593 489 731 543 Atque
765 483 1124 542 quemadmodum
1158 484 1201 524 in
1235 483 1326 524 toto
1360 481 1564 536 opusculo
1599 482 1741 523 omnia
1775 495 1900 537 quam
1934 482 2125 523 maximo

534 565 633 601 sunt
679 558 881 613 disposita
924 554 1117 603 artificio,
1163 554 1223 594 sic
1266 552 1346 593 hoc
1380 565 1549 593 carmen
1582 551 1632 594 de
1666 550 1859 595 Cerinthi
1892 552 1960 594 die
1993 550 2127 593 natali

532 627 786 684 respondens
812 627 893 668 sibi
921 625 1048 667 habet
1076 637 1244 666 carmen
1273 622 1323 663 de
1352 621 1418 663 die
1446 621 1580 663 natali
1607 621 1836 677 Sulpiciae,
1865 622 1940 664 illo
1969 622 2129 678 dignis-

533 701 693 741 simum
740 695 954 751 simulque
1000 695 1273 749 aptissimum
1317 692 1369 734 ad
1412 696 1554 734 totum
1597 691 1796 734 libellum
1827 692 2125 735 claudendum.

532 770 622 821 Quo
665 769 803 823 magis
844 765 1072 808 dolendum
1121 769 1184 806 est
1218 762 1329 819 quod
1361 762 1476 804 haud
1507 776 1642 817 pauca
1673 762 1782 804 illud
1814 762 2127 806 commaculant

533 841 652 888 vitia,
696 851 802 894 quae
844 851 926 892 quo
971 835 1095 878 modo
1138 836 1224 876 sint
1266 833 1448 875 sananda
1491 832 1606 874 haud
1640 832 1760 875 facile
1793 836 2018 890 quisquam
2051 847 2126 889 pro

532 914 644 952 certo
691 912 865 950 statuat.
915 906 1072 948 'Potum
1123 918 1434 961 percurramus,
1484 905 1543 945 sic
1587 905 1806 959 aptissime
1849 904 1899 946 de
1942 903 2126 960 singulis

531 984 717 1022 nostram
761 991 1047 1034 proponemus
1092 976 1347 1017 sententiam
1382 973 1596 1029 simulque
1629 987 1757 1029 quam
1789 973 2026 1030 praeclarae
2057 974 2126 1015 hic

533 1064 699 1106 quoque
731 1055 879 1105 poetae
912 1047 1158 1103 splendeant
1191 1048 1376 1088 virtutes
1408 1045 1706 1087 indicabimus.

591 1122 687 1163 Non
729 1120 974 1176 loquentem
1019 1118 1183 1160 inducit
1225 1116 1416 1173 puellam
1450 1115 1523 1157 sed
1554 1130 1631 1171 pro
1665 1129 1713 1157 ea
1743 1115 1872 1158 verba
1903 1116 2002 1158 facit
2034 1116 2124 1171 ipse

531 1197 653 1248 poeta
686 1196 728 1234 et
760 1206 783 1233 a
815 1190 903 1241 dea,
939 1191 1061 1232 cuius
1104 1188 1178 1230 ille
1222 1188 1324 1238 dies,
1368 1188 1531 1243 optima
1563 1200 1752 1243 quaeque
1781 1191 1990 1242 precatur.
2034 1185 2123 1229 Iam

530 1266 574 1305 in
606 1264 744 1318 primo
778 1261 959 1303 disticho
991 1259 1212 1302 molestiae
1245 1258 1351 1300 nihi]
1385 1262 1470 1300 est:

711 1332 877 1375 Natalis
908 1332 1027 1383 Iuno,
1061 1335 1225 1373 sanctos
1257 1343 1357 1386 cape
1389 1330 1498 1371 turis
1529 1343 1700 1372 acervos

771 1405 886 1457 Quos
918 1403 997 1445 tibi
1031 1402 1103 1444 dat
1133 1407 1276 1444 tenera
1309 1401 1433 1444 docta
1464 1399 1607 1456 puella
1638 1414 1784 1443 manu.

530 1476 682 1518 Omnia
715 1476 783 1517 hic
814 1478 914 1517 sunt
947 1473 1075 1516 verba
1107 1473 1472 1528 praestantissimo
1505 1470 1636 1513 electa
1664 1471 1840 1513 artificio
1867 1471 2123 1527 egregieque

530 1547 821 1590 demonstrant
850 1545 900 1588 de
927 1544 1187 1601 gravissima
1212 1545 1299 1585 iam
1327 1545 1399 1599 agi
1424 1557 1483 1593 re,
1503 1556 1609 1598 quae
1627 1545 1774 1598 poetae
1792 1556 1920 1598 quam
1939 1543 2124 1584 maxime

530 1618 643 1660 cordi
690 1619 757 1660 sit.
808 1616 984 1659 Accedit
1031 1614 1143 1671 quod
1184 1615 1254 1656 hic
1297 1628 1387 1656 rem
1429 1614 1630 1656 docemur
1670 1627 1798 1668 quam
1843 1615 1948 1655 scire
1990 1614 2125 1655 nostri

529 1702 787 1746 magnopere
819 1689 1010 1729 intersit:
1044 1687 1161 1727 docta
1187 1685 1332 1739 puella
1367 1684 1556 1740 Sulpicia
1588 1683 1839 1740 appellatur,
1873 1683 1917 1726 id
1950 1687 2012 1725 est
2040 1697 2122 1726 car-

529 1762 645 1802 mina
686 1760 800 1809 facit,
844 1772 919 1800 nec
962 1756 1104 1799 solum
1147 1757 1336 1798 carmina
1380 1756 1452 1798 sed
1485 1769 1591 1811 quae
1623 1756 1706 1810 ipsi
1739 1753 1910 1797 Tibullo
1943 1756 2123 1796 minime

528 1833 670 1886 inepta
711 1830 950 1879 videantur,
994 1829 1072 1870 hoc
1116 1831 1179 1870 est
1221 1842 1296 1870 cur
1338 1829 1430 1870 61115
1473 1840 1637 1869 amores
1680 1840 1756 1868 sua
1787 1825 2003 1868 illustrare
2035 1829 2124 1868 arte

528 1916 610 1944 non
644 1900 900 1956 dedignatus
931 1901 1001 1941 sit.

589 1972 671 2014 Sed
714 1973 928 2027 sequentis
972 1969 1142 2012 distichi
1184 1971 1271 2012 iam
1309 1970 1448 2025 prima
1480 1983 1563 2011 vox
1595 1968 1810 2024 legentem
1841 1969 2010 2011 retinet.
2045 1967 2123 2010 Est

530 2046 675 2085 autem
706 2042 815 2084 illud
847 2040 1167 2083 huiuscemodi:

710 2112 817 2155 Tota
849 2112 930 2154 tibi
963 2115 1027 2154 est
1058 2111 1197 2161 hodie,
1233 2111 1314 2153 tibi
1346 2125 1389 2153 se
1420 2110 1657 2153 laetissima
1690 2111 1871 2165 compsit

770 2183 910 2225 Staret
944 2186 993 2224 ut
1026 2186 1122 2224 ante
1157 2186 1252 2224 tuos
1285 2181 1577 2237 conspicienda
1610 2181 1736 2223 focos.

531 2255 626 2296 Tota
660 2268 811 2296 sanum
844 2267 932 2296 6556
965 2267 1048 2295 11011
1081 2256 1224 2308 potest
1235 2266 1245 2304 3
1280 2254 1472 2308 primum
1506 2266 1656 2294 verum
1687 2266 1768 2294 non
1796 2254 1859 2293 est
1885 2250 2119 2307 Sulpiciam

529 2330 664 2368 totam
696 2327 784 2367 iam
816 2339 860 2367 se
891 2324 1115 2366 tradidisse
1147 2324 1300 2366 Iunoni
1333 2323 1498 2365 Natali:
1533 2325 1754 2373 maiorem,
1788 2326 1837 2364 ut
1864 2323 2024 2377 opinor,
2053 2325 2120 2364 sui

527 2401 691 2452 partem
726 2399 979 2439 suo-servat
1012 2394 1230 2438 Cerintho.
1265 2394 1412 2450 Neque
1441 2395 1476 2436 si
1503 2408 1655 2437 verum
1683 2398 1806 2444 esset,
1835 2393 1879 2434 id
1905 2394 1965 2435 sic
1990 2392 2120 2435 latine

527 2471 667 2523 posset
711 2466 964 2523 significari:
1010 2471 1091 2508 tota
1135 2467 1208 2507 tibi
1250 2471 1318 2508 est.
1365 2466 1456 2508 Hoc
1499 2470 1611 2508 certe
1652 2467 1783 2507 sensit
1817 2463 2013 2515 Guietus,
2047 2464 2119 2506 sed

528 2537 640 2593 quod
673 2539 865 2593 reposuit
899 2541 1008 2587 „tota
1037 2542 1106 2578 tua
1135 2536 1227 2578 est''
1257 2537 1393 2577 risum
1421 2540 1589 2578 movet:
1620 2537 1852 2591 sumpsisse
1878 2534 1922 2576 id
1949 2534 2120 2577 videtur

527 2609 919 2663 praestantissimus
963 2609 1135 2649 criticus
1179 2621 1200 2648 6
1243 2608 1309 2648 5111
1352 2608 1558 2662 temporis
1589 2605 1794 2662 epistolis,
1830 2619 2012 2660 quarum
2043 2604 2119 2647 illa

527 2681 614 2720 iam
648 2683 741 2720 tum
775 2679 903 2720 fuerit
935 2677 1132 2734 legitima
1166 2676 1370 2719 clausula.
1407 2677 1495 2718 Aut
1527 2678 1563 2718 si
1596 2690 1647 2718 ex
1679 2675 1860 2731 elegiola
1894 2675 1919 2717 3
1954 2675 2040 2728 (IV,
2073 2674 2118 2726 4)

529 2764 590 2792 vs.
628 2749 679 2792 17
725 2751 921 2805 sumpsit,
965 2763 1048 2791 non
1089 2750 1306 2804 reputavit
1347 2747 1561 2804 peculiare
1604 2751 1646 2790 et
1689 2761 1712 2789 a
1754 2749 1886 2790 nostri
1917 2746 1999 2789 loci
2031 2760 2119 2788 sen-

528 2822 662 2862 tentia
708 2819 831 2875 plane
880 2819 1099 2862 diversum
1141 2818 1262 2860 illius
1307 2832 1397 2861 esse
1441 2817 1680 2860 consilium.
1724 2817 1958 2873 Postquam
2001 2818 2116 2859 enim

528 2891 780 2934 Cerinthum
830 2892 895 2933 his
944 2891 1138 2933 versibus
1187 2889 1341 2932 leviter
1385 2889 1611 2931 admonuit
1659 2887 1840 2944 periculi
1881 2890 1925 2930 in
1968 2889 2118 2943 quovis

528 2975 669 3004 amore
702 2976 868 3017 semper
898 2962 1165 3003 imminentis
1197 2974 1248 3002 ne
1281 2960 1408 3002 fidem
1442 2958 1587 3015 puella
1619 2963 1813 3013 rumpat:

710 3032 783 3074 Nil
815 3046 920 3087 opus
954 3036 1016 3074 est
1049 3031 1175 3073 fletu:
1209 3031 1397 3074 lacrimis
1430 3032 1511 3072 erit
1543 3031 1684 3086 aptius
1716 3032 1782 3072 uti

769 3102 815 3145 Si
849 3103 1015 3158 quando
1048 3103 1176 3144 fuerit
1209 3104 1373 3144 tristior
1402 3101 1478 3144 illa
1510 3101 1588 3142 tibi
