2320 3828
954 374 1010 416 47

850 558 1128 604 TIBULLUS

750 659 820 711 (Π,
856 660 880 701 6
915 675 977 702 vs.
1011 662 1219 716 {ee-54).

248 813 462 864 Nemesin,
491 814 641 856 duram
673 815 875 871 puellam,
908 816 1038 860 lenire
1072 824 1192 874 poeta
1226 826 1399 863 conatur
1431 826 1689 878 provocando
1717 827 1766 868 acl

188 884 449 927 sororculam
478 887 592 927 tristi
620 886 705 928 fato
733 887 1017 944 absumptam,
1047 895 1346 947 execraturque
1374 892 1511 936 lenam
1539 911 1612 939 suo
1635 900 1767 940 amori

187 956 450 998 obstantem:

367 1027 510 1078 Parce,
544 1042 618 1083 per
649 1029 880 1071 immatura
912 1034 1010 1072 tuae
1044 1046 1189 1087 precor
1223 1048 1316 1075 ossa
1349 1038 1522 1078 sororis:

427 1098 496 1141 Sic
529 1100 630 1142 bene
665 1101 742 1142 sub
778 1105 918 1143 tenera
950 1116 1079 1157 parva
1111 1106 1297 1159 quiescat
1330 1106 1474 1150 humo.

367 1169 445 1211 Illa
477 1170 583 1211 mihi
616 1175 758 1213 sancta
789 1175 864 1222 est,
898 1171 1016 1213 illius
1049 1173 1156 1215 dona
1188 1175 1378 1230 sepulcro

426 1241 481 1282 Et
514 1241 746 1284 madefacta
782 1244 888 1284 meis
921 1248 1030 1285 serta
1065 1244 1196 1286 feram
1229 1245 1427 1297 lacrimis,

365 1311 487 1353 Illius
520 1312 570 1353 ad
604 1312 823 1354 tumulum
856 1313 1021 1369 fugiam
1056 1315 1314 1372 supplexque
1348 1318 1496 1359 sedebo

423 1382 478 1424 Et
511 1396 606 1425 mea
638 1398 736 1425 cum
769 1388 889 1426 muto
924 1385 1008 1426 fata
1042 1399 1193 1440 querar
1224 1389 1372 1429 cinere.

364 1453 458 1495 Non
492 1454 596 1496 feret
629 1469 761 1510 usque
793 1470 920 1496 suum
957 1464 997 1497 te
1030 1462 1201 1512 propter
1234 1457 1330 1500 flere
1362 1458 1584 1501 clientem:

423 1523 545 1566 Illius
578 1529 626 1566 ut
659 1526 798 1567 verbis
821 1526 862 1575 ¹),
898 1527 954 1567 sis
988 1528 1095 1568 mihi
1126 1528 1240 1569 lenta
1258 1529 1290 1579 ²)
1325 1535 1433 1579 veto,

363 1595 426 1637 Ne
458 1596 537 1637 tibi
571 1595 755 1651 neglecti
788 1598 964 1638 mittant
997 1597 1107 1639 mala
1141 1601 1305 1640 somnia
1339 1600 1498 1649 Manes,

423 1666 672 1722 Maestaque
704 1668 863 1722 sopitae
898 1672 980 1709 stet
1013 1683 1126 1710 soror
1159 1676 1253 1711 ante
1286 1675 1438 1720 torum,

363 1737 508 1790 Qualis
541 1739 592 1780 ab
624 1738 786 1780 excelsa
818 1752 1014 1794 praeceps
1046 1739 1212 1795 delapsa
1245 1742 1425 1783 fenestra

422 1808 547 1850 Venit
579 1808 630 1850 ad
662 1808 846 1850 infernos
879 1810 1203 1864 sanguinolenta
1237 1810 1364 1853 lacus.

361 1879 528 1931 Desino,
564 1894 615 1921 ne
647 1879 841 1921 dominae
872 1878 1013 1922 luctus
1047 1886 1302 1923 renoventur
1333 1883 1491 1924 acerbi:

422 1951 515 1993 Non
549 1965 628 2007 ego
662 1965 759 1992 sum
792 1951 912 2000 tanti,
946 1949 1082 2006 ploret
1115 1956 1164 1993 ut
1196 1951 1270 1993 illa
1303 1952 1446 1994 semel.

362 2022 449 2064 Nec
482 2022 669 2064 lacrimis
703 2021 845 2064 oculos
878 2022 1006 2077 digna
1041 2027 1103 2063 est
1137 2022 1299 2064 foedare
1333 2022 1526 2079 loquaces
1547 2022 1579 2074 3)

422 2094 535 2135 Lena
567 2098 688 2135 nocet
720 2094 854 2143 nobis,
889 2095 979 2148 ipsa
1012 2093 1154 2148 puella
1188 2094 1292 2136 bona
1326 2099 1402 2135 est.

362 2165 475 2207 Lena
506 2170 626 2207 necat
657 2166 860 2206 miserum
895 2164 1066 2220 Phryne
1099 2165 1332 2219 furtimque
1368 2163 1542 2206 tabellas

423 2235 598 2278 Occulto
631 2239 802 2291 portans
833 2236 951 2290 itque
985 2235 1176 2290 reditque
1210 2237 1318 2276 sinu.

361 2307 505 2363 Saepe,
539 2322 619 2363 ego
653 2321 752 2348 cum
787 2306 979 2348 dominae
1013 2305 1153 2347 dulces
1187 2319 1209 2347 a
1242 2305 1390 2347 limine
1423 2306 1526 2347 duro

421 2380 617 2435 Agnosco
649 2392 784 2427 voceS‚
817 2377 918 2418 haec
951 2380 1080 2432 negat
1113 2391 1200 2418 esse
1235 2377 1370 2427 domi,-

362 2449 507 2506 Saepe,
542 2450 615 2491 ubi
648 2464 728 2491 nox
762 2449 966 2504 promissa
999 2447 1107 2488 mihi
1139 2451 1215 2496 est,
1248 2447 1449 2503 languere
1482 2446 1667 2502 puellam

421 2521 603 2563 Nuntiat
636 2524 710 2561 aut
743 2519 905 2575 aliquas
938 2519 1186 2560 extimuisse
1219 2519 1369 2559 minas.

362 2592 480 2634 Tunc
512 2593 669 2634 morior
700 2592 826 2640 curis,
861 2595 960 2631 tunc
992 2604 1110 2631 mens
1142 2589 1250 2629 mihi
1285 2588 1447 2643 perdita
1479 2588 1614 2643 fingit,

421 2664 579 2716 Quisve
611 2677 751 2705 meam
785 2666 935 2711 teneat,
970 2665 1072 2716 quot
1107 2665 1301 2702 teneatve
1333 2659 1486 2709 modis;

359 2735 476 2777 Tunc
509 2736 601 2784 tibi,
637 2734 731 2776 lena
765 2747 908 2789 precor
941 2732 1074 2773 diras:
1108 2732 1209 2772 satis
1242 2732 1362 2771 anxia
1396 2729 1583 2781 vives⁴),

420 2806 609 2848 Moverit
641 2819 662 2847 e
696 2806 806 2847 votis
838 2817 932 2859 pars
965 2806 1258 2858 quotacunque
1290 2800 1398 2842 deos.

224 2970 254 3008 1)
279 2969 367 3001 illius
390 2973 429 3001 ut
453 2969 566 3001 verbis:
595 2968 658 3000 hals
682 2968 706 2999 't
730 2977 811 2998 ware
837 2966 884 2997 uit
907 2965 988 2996 haar
1013 2963 1139 2995 naam”.

221 3024 253 3064 2)
279 3026 382 3056 lenta:
412 3022 689 3064 „onverschillig’'.

223 3080 254 3118 3)
281 3080 396 3120 loquax
419 3079 457 3110 cf.
484 3081 627 3110 nostrum
657 3075 863 3119 asprekend''.
998 3108 1003 3112 ,

224 3136 256 3174 4)
280 3134 330 3165 Sic
355 3133 489 3175 legatur,
515 3144 576 3164 non
602 3132 695 3170 vivas,
721 3142 749 3163 v.
775 3142 804 3173 p.
830 3130 848 3163 7
875 3140 944 3160 ann.
972 3128 1001 3158 1.
