2320 3828
1308 360 1364 402 26

540 489 634 540 apte
667 499 689 526 a
723 498 797 525 suo
830 482 1000 526 Catullo
1034 484 1221 538 sumpsit
1254 482 1548 533 Baehrensius,
1582 485 1642 526 ita
1674 486 1788 527 enim
1823 487 1971 542 scripti
2005 489 2128 537 sunt;

539 555 698 597 Tibulli
727 555 776 597 de
793 555 981 610 Sulpicia
999 556 1185 596 carmina
1203 554 1391 608 eleyiolas
1407 554 1621 610 appellare
1640 569 1881 612 pergemus.
1912 555 2131 612 Elegiolas

539 634 681 668 autem
726 625 924 681 epistolia
967 626 1115 666 statim
1159 626 1391 680 excipiunt,
1427 639 1527 681 ergo
1561 627 1635 680 qui
1666 625 1760 668 illas
1795 626 1993 683 perlegit,
2028 627 2130 669 haec

539 711 704 752 quoque
749 700 811 738 est
854 696 1042 738 lecturus
1086 699 1127 737 et
1168 695 1259 737 fieri
1302 710 1385 737 non
1428 700 1568 751 potest
1609 698 1712 751 quin
1755 711 1860 752 quae
1893 697 2130 740 interillos

537 767 769 809 intercedat
796 768 902 808 ratio
930 765 1095 808 libellos
1123 780 1274 821 rogare
1303 767 1495 822 incipiat.
1527 767 1639 809 Nam
1667 767 1854 823 aliquam
1871 769 2130 810 intercedere

537 840 745 880 rationem
787 842 901 879 certo
944 842 1007 879 est
1050 839 1222 886 certius,
1266 851 1402 893 neque
1447 852 1637 893 unquam
1681 841 1908 895 quisquam
1953 839 2130 881 credidit

538 909 606 951 vel
652 909 890 951 crediturus
941 912 1003 950 est
1046 908 1223 950 fortuito
1268 922 1355 950 esse
1399 909 1560 950 factum
1603 913 1652 951 111
1695 909 1802 952 alter
1832 909 2006 952 libellus
2038 915 2127 952 tam

536 979 671 1021 multa
714 994 812 1021 cum
855 979 986 1021 altero
1029 978 1182 1020 habeat
1226 981 1486 1021 communia.
1521 979 1660 1022 Immo
1695 981 1807 1036 quod
1838 983 1884 1022 in
1919 981 2127 1036 epistoliis

536 1052 720 1092 breviter
746 1049 1082 1105 simpliciterque
1111 1049 1275 1090 dictum
1303 1050 1678 1106 significatumque
1707 1055 1770 1093 est
1796 1051 1839 1093 id
1867 1054 1908 1093 111
1932 1051 2129 1107 elegiolis

535 1136 633 1163 cum
678 1135 775 1162 cura
821 1121 1075 1175 disponitur,
1119 1120 1417 1175 amplificatur,
1452 1126 1693 1172 exornatur,
1727 1127 1889 1164 constat
1922 1136 2023 1178 ergo
2056 1123 2128 1164 ha-

534 1206 630 1233 rum
674 1196 842 1247 poetam
874 1191 963 1232 illis
997 1194 1217 1246 tamquam
1253 1191 1349 1233 rudi
1381 1194 1562 1234 materia
1595 1206 1682 1234 esse
1715 1207 1843 1234 usum
1875 1195 1917 1234 in
1950 1206 2033 1248 qua
2064 1194 2126 1234 in-

533 1264 712 1318 genium
756 1276 882 1303 suum
926 1267 1146 1317 artemque
1191 1267 1439 1304 excerceret.
1475 1262 1590 1314 Quae
1623 1277 1688 1305 res
1721 1277 1848 1318 quam
1883 1264 2055 1319 egregie
2087 1265 2126 1305 ei

533 1335 703 1375 cesserit
729 1334 815 1374 iam
842 1332 1045 1374 vidimus.
1080 1332 1162 1374 Sed
1190 1347 1271 1374 non
1305 1347 1410 1387 opus
1438 1337 1500 1374 est
1527 1338 1576 1375 ut
1604 1333 1679 1375 diu
1706 1335 1750 1374 111
1779 1334 1855 1375 1130
1883 1335 2126 1389 quaestione

532 1406 826 1446 immoremur.
860 1403 937 1445 Est
964 1405 1080 1445 enim
1108 1404 1176 1445 1110
1204 1405 1313 1446 mira
1342 1404 1549 1459 quaedam
1578 1408 1620 1446 et
1647 1418 1739 1446 rara
1755 1406 1866 1446 inter
1884 1404 2125 1461 philologos

532 1475 764 1525 concordia,
792 1489 924 1530 eaque
952 1475 1036 1517 fuit
1063 1474 1329 1517 iamdudum.
1362 1474 1598 1530 Sulpiciam
1627 1475 1841 1531 quandam
1867 1476 1996 1518 fuisse
2020 1490 2126 1531 quae

531 1560 675 1588 revera
707 1545 1009 1588 adolescentuli
1042 1546 1216 1588 obscuro
1248 1545 1476 1598 loconati,
1511 1549 1580 1589 cui
1613 1546 1842 1590 Cerinthus
1869 1561 2020 1589 verum
2054 1561 2126 1589 no-

533 1632 628 1659 men
656 1622 758 1667 erat,
787 1631 931 1659 amore
955 1622 1077 1674 capta
1103 1621 1212 1660 esset
1229 1619 1342 1660 inter
1359 1632 1504 1660 omnes
1522 1622 1700 1661 constat.
1731 1619 1872 1673 Atque
1890 1617 2126 1674 Sulpiciam

533 1702 651 1730 veros
678 1689 811 1730 animi
839 1702 985 1730 sensus
1014 1689 1181 1730 chartae
1209 1688 1429 1730 mandasse
1457 1703 1540 1731 non
1559 1689 1668 1730 utin
1686 1688 1846 1744 vulgus
1863 1693 2126 1731 notescerent

530 1759 601 1801 sed
642 1763 691 1800 ut
735 1773 842 1814 quae
883 1763 1050 1814 pectore
1096 1759 1237 1801 clausa
1279 1764 1420 1802 tenere
1462 1762 1549 1801 iam
1581 1774 1663 1802 non
1695 1763 1836 1815 posset
1869 1774 1950 1802 non
1983 1759 2124 1802 solum

529 1837 583 1881 γῇ
629 1847 672 1871 τε
717 1831 890 1882 κούρανῷ
923 1835 1112 1872 narraret
1146 1831 1217 1872 sed
1250 1832 1379 1872 etiam
1413 1833 1537 1873 certis
1571 1831 1827 1886 quibusdam
1860 1831 2119 1881 hominibus,

529 1902 784 1956 quibuscum
826 1903 973 1944 vivere
1012 1906 1268 1952 consuesset,
1305 1916 1434 1957 quam
1468 1904 1734 1957 apertissime
1768 1906 1996 1957 exponeret
2028 1916 2123 1944 0011-

527 1974 717 2014 30111111111
751 1987 912 2015 omnes.
947 1973 1094 2028 Neque
1127 1974 1217 2028 ipsa
1252 1972 1444 2029 Sulpicia
1475 1987 1581 2029 quae
1609 1974 1739 2015 fuerit
1765 1975 1853 2015 iam
1881 1972 2121 2015 dubitatur:

528 2043 673 2098 quidni
702 2045 816 2085 enim
845 2045 900 2084 sit
928 2042 1014 2085 filia
1040 2043 1159 2085 illius
1189 2043 1383 2099 Sulpicii,
1414 2058 1519 2100 quae
1549 2044 1762 2086 Valeriam
1791 2044 1914 2086 duxit
1945 2058 2122 2086 uxorem

526 2113 824 2156 Messallarum
851 2112 1062 2157 sororem?
1091 2115 1187 2170 Ipsa
1215 2117 1328 2156 enim
1357 2115 1545 2171 Sulpicia
1574 2130 1617 2157 se
1644 2130 1667 2158 a
1695 2115 1894 2158 Messalla
1920 2115 2124 2158 custodiri

526 2185 639 2227 haud
673 2190 781 2227 tecte
814 2187 1111 2241 conqueritur:
1145 2187 1241 2241 quis
1274 2188 1416 2242 potius
1450 2201 1498 2229 eo
1530 2188 1623 2229 iure
1658 2190 1806 2229 utatur
1838 2200 1966 2241 quam
1993 2201 2122 2228 avun-

526 2255 646 2298 culus
679 2256 859 2312 puellae,
894 2258 1015 2299 cuius
1048 2261 1184 2299 mater
1218 2262 1580 2311 commemoratur
1612 2261 1713 2310 (non
1745 2259 1795 2300 ab
1829 2259 1920 2313 ipsa
1947 2257 2120 2312 quidem

526 2327 597 2368 sed
640 2341 662 2369 a
706 2331 827 2382 poeta
871 2329 944 2383 qui
987 2330 1078 2369 eius
1121 2328 1319 2383 epistolia
1363 2331 1617 2380 exornavit),
1664 2328 1815 2371 siletur
1858 2326 2004 2384 pater?
2051 2328 2120 2370 Sic

525 2397 656 2439 simul
687 2397 950 2454 intelligitur
976 2413 1059 2454 quo
1089 2399 1213 2441 modo
1242 2399 1439 2454 epistolia
1468 2401 1509 2441 in
1538 2414 1689 2455 corpus
1716 2398 2010 2441 Tibullianum
2035 2400 2120 2440 sint

525 2473 713 2523 recepta:
749 2483 770 2511 e
799 2469 922 2511 domo
951 2471 1065 2511 enim
1095 2470 1335 2520 Messallae,
1367 2485 1449 2526 quo
1477 2476 1654 2526 patrono
1682 2485 1785 2512 usus
1818 2475 1881 2512 est
1907 2469 2116 2520 Tibullus,

524 2544 623 2580 sunt
651 2539 851 2594 profecta.
889 2541 1035 2595 Neque
1069 2543 1229 2582 mirum
1258 2555 1306 2583 ea
1334 2543 1393 2583 sic
1422 2544 1465 2583 in
1494 2541 1656 2584 Tibulli
1684 2543 1924 2597 pervenisse
1953 2555 2117 2583 manus.

585 2609 802 2652 Hactenus
846 2625 947 2667 ergo
981 2611 1053 2653 diu
1087 2614 1326 2654 communis
1360 2612 1534 2667 quidam
1568 2613 1650 2654 fuit
1683 2614 1794 2654 inter
1827 2614 1940 2654 viros
1973 2612 2117 2654 doctos

523 2694 760 2723 consensus.
806 2682 949 2723 Unum
991 2684 1122 2724 etiam
1167 2683 1309 2725 deerat
1351 2687 1399 2724 ut
1441 2688 1529 2725 tota
1571 2697 1636 2725 res
1682 2685 1792 2725 sicut
1824 2687 1945 2738 gesta
1977 2684 2115 2724 estin

522 2750 633 2792 clara
677 2758 903 2807 poneretur
944 2752 1051 2803 luce,
1086 2757 1217 2808 utque
1251 2753 1464 2808 quomodo
1497 2768 1547 2796 ex
1581 2753 1789 2809 epistoliis
1823 2757 1945 2795 natae
1978 2757 2115 2795 essent

522 2820 727 2876 elegiolae
760 2824 846 2864 iam
879 2822 1002 2878 plane
1035 2827 1260 2865 constaret.
1294 2823 1386 2865 Hoc
1421 2828 1565 2866 autem
1597 2823 1860 2879 lepidissime
1891 2823 2115 2879 indagavit

523 2893 919 2949 venustissimeque,
947 2898 996 2935 ut
1025 2894 1145 2945 30101,
1175 2896 1373 2950 exposuit
1402 2893 1647 2937 Cartaltius.
1678 2894 1866 2950 Sulpicia
1893 2893 2115 2936 versiculis

522 2977 693 3018 aegram
736 2978 858 3006 suam
902 2969 1091 3007 mentem
1134 2965 1444 3021 quodammodo
1488 2971 1550 3007 est
1597 2965 1750 3015 solata3
1796 2965 1892 3007 illos
1935 2980 2018 3007 non
2062 2965 2113 3007 ad

522 3038 713 3075 amatum
757 3037 875 3077 misit
918 3050 1112 3091 puerum,
1158 3036 1228 3078 sed
1275 3050 1371 3078 cum
1416 3051 1500 3078 11011
1544 3041 1682 3092 posset
1726 3051 1807 3078 11011
1840 3037 1996 3078 sentire
2028 3049 2111 3085 003,

521 3107 718 3158 quamvis
761 3106 885 3147 rudes
928 3110 1066 3148 essent
1109 3121 1345 3162 parumque
1388 3106 1543 3157 limati,
1579 3112 1718 3149 tamen
1753 3111 1924 3162 propter
1955 3107 2111 3161 ipsum,
