2320 3828
1307 352 1362 394 10

597 478 650 519 21
718 476 839 517 Hanc
872 489 960 524 vos,
996 473 1198 524 Pierides,
1233 473 1351 515 festis
1383 477 1549 516 cantate
1580 474 1797 526 Kalendis,

775 546 832 587 Et
865 544 1102 587 testudinea
1135 544 1305 586 Phoebe
1340 544 1519 599 superbe
1551 544 1660 602 lyra.

715 616 807 659 Hoc
839 615 1043 658 sollemne
1076 629 1244 657 sacrum
1277 614 1438 657 multos
1470 616 1566 657 baec
1597 621 1719 658 sumet
1749 617 1794 658 111
1827 630 1974 660 annos:

776 687 960 742 Dignior
991 689 1054 728 est
1087 689 1226 728 vestro
1262 685 1382 727 nulla
1415 685 1557 741 puella
1591 686 1730 729 choro.

533 774 594 802 vs.
631 758 686 800 23
721 759 814 798 haee
846 762 970 797 sumet
1002 755 1134 797 edidit.
1166 755 1461 807 Baehrensius,
1496 755 1567 798 sed
1596 757 1729 798 sensit
1755 758 1904 812 utique
1931 759 2125 800 coniunc-

533 832 620 871 tivo
653 821 769 884 'opus
811 841 912 878 esse,
947 841 1045 869 nam
1078 827 1256 868 coniecit
1288 827 1383 868 haee
1415 825 1532 877 visat,
1567 826 1678 882 quod
1710 841 1848 879 nemo,
1880 831 1928 870 ut
1961 830 2123 884 opinor,

531 900 738 956 probabit.
783 898 948 950 Quanto
992 899 1148 939 rectius
1192 897 1346 940 codicis
1389 896 1717 954 Guelferbytani
1759 912 1909 941 manus
1942 899 2124 942 secunda

531 975 659 1012 sumat
700 967 896 1025 praebet!
943 967 1026 1011 Sed
1071 982 1122 1011 ne
1166 969 1244 1010 hoc
1290 968 1463 1024 quidem
1506 967 1703 1011 Tibullus
1746 970 1925 1012 scribere
1957 972 2121 1026 potuit;

531 1058 610 1084 11011
654 1043 768 1084 0111111
813 1039 1079 1082 tolerandum
1115 1039 1286 1082 videtur
1318 1039 1434 1082 istud
1479 1040 1578 1090 „hoc
1611 1053 1778 1082 sacrum
1810 1041 1904 1082 haec
1935 1041 2121 1085 sumat'’.

530 1112 747 1155 Intellexit
780 1112 869 1161 hoc,
904 1114 952 1152 ut
985 1112 1146 1166 opinor,
1179 1109 1369 1167 Scaliger
1402 1112 1476 1166 qui
1503 1115 1734 1152 consummet
1759 1110 1848 1167 legi
1874 1111 2005 1154 iubet.
2040 1111 2122 1154 Sed

528 1185 627 1226 huic
666 1183 789 1225 verbo
823 1181 966 1224 nullus
1000 1182 1069 1224 hic
1101 1181 1219 1224 locus
1248 1185 1334 1232 est;
1363 1183 1596 1237 requiritur
1621 1182 1803 1224 verbum
1831 1182 1957 1238 quod,
1986 1187 2036 1224 ut
2061 1185 2122 1226 ita

528 1254 679 1305 dicam,
714 1252 884 1295 nullum
917 1254 1140 1309 proprium
1173 1253 1327 1295 habeat-
1359 1251 1557 1304 colorem,
1586 1252 1659 1294 sed
1687 1267 1775 1295 rem
1805 1267 1933 1309 quam
1961 1253 2122 1310 simpli-

528 1327 697 1368 cissime
741 1323 965 1381 significet.
1004 1324 1378 1366 Praestantissima
1410 1338 1512 1380 ergo
1546 1326 1610 1366 est
1641 1322 1767 1366 lectio
1801 1338 1929 1379 quam
1963 1324 2118 1375 „Itali”

527 1411 607 1438 non
656 1397 918 1451 excogitasse
960 1395 1032 1438 sed
1075 1409 1262 1438 servasse
1305 1395 1526 1437 videntur:
1571 1395 1798 1437 celebretur.
1844 1394 1948 1438 Vide
1991 1409 2120 1452 quam

527 1469 698 1524 egregie
732 1481 841 1509 nunc
875 1467 1073 1523 egregiae
1105 1465 1269 1522 elegiae
1302 1466 1495 1508 decurrat
1527 1465 1742 1508 clausula:

707 1539 825 1580 Hane
857 1552 946 1588 vos,
978 1537 1182 1587 Pierides,
1217 1537 1337 1579 festis
1369 1541 1535 1580 cantate
1567 1536 1786 1588 Kalendis,

771 1609 827 1651 Et
859 1608 1113 1659 testudinea,
1146 1608 1316 1651 Phoebe
1347 1609 1540 1664 superbe,
1573 1607 1681 1665 lyra.

712 1681 799 1722 Hoc
831 1679 1036 1722 sollemne
1068 1693 1236 1722 sacrum
1268 1679 1429 1723 multos
1462 1680 1678 1724 celebretur
1708 1681 1753 1721 in
1787 1691 1942 1722 annos:

771 1751 954 1808 Dignior
986 1754 1049 1793 est
1082 1756 1208 1793 vestro
1241 1751 1360 1793 nulla
1393 1750 1536 1807 puella
1569 1751 1709 1793 choro.

525 1823 673 1865 Nonne
703 1824 970 1873 suavissime,
999 1826 1041 1864 et
1067 1822 1119 1864 ad
1147 1836 1316 1865 sensum
1345 1824 1577 1878 aptissime,
1606 1822 1857 1878 pronomina
1884 1822 2116 1874 variantur,

523 1896 745 1937 interiecto
779 1894 908 1937 verbo
940 1895 984 1935 in
1018 1892 1215 1950 passivo?

581 2037 637 2079 Et
668 2037 792 2093 quale
824 2038 1022 2080 futurum
1058 2040 1199 2079 totum
1230 2037 1308 2079 hoc
1335 2036 1637 2093 corpusculum
1666 2038 1874 2079 eroticum
1901 2039 2118 2092 promittit

521 2109 739 2164 praefatio,
785 2123 913 2165 quam
954 2110 1042 2151 iam
1085 2109 1441 2164 percucurrimus,
1485 2108 1616 2150 talem
1650 2123 1692 2151 se
1725 2109 1909 2164 praebet,
1943 2109 2116 2151 uberius

521 2182 742 2236 promissis
774 2182 918 2231 etiam,
953 2181 1100 2222 statim
1134 2193 1240 2236 quae
1273 2181 1413 2235 prima
1446 2181 1638 2235 sequitur
1670 2179 1875 2235 elegiola:
1908 2181 2117 2221 venustis-

520 2254 628 2294 sima
661 2256 724 2294 est
756 2252 1110 2307 facetissimaque.
1147 2251 1228 2292 Hic
1262 2254 1406 2293 autem
1438 2265 1520 2293 11011
1553 2249 1787 2306 Sulpiciam
1820 2254 1944 2306 poeta
1970 2249 2115 2292 laudat

519 2323 591 2365 sed
623 2324 761 2378 ipsam
793 2322 1039 2379 loquentem
1072 2322 1260 2364 inducit:
1295 2323 1419 2364 anxia
1452 2326 1515 2364 est
1546 2320 1827 2377 sollicitaque,
1865 2335 1965 2363 nam
1993 2335 2115 2364 vena-

519 2398 614 2435 tum
655 2394 868 2449 profectus
911 2398 975 2436 est
1019 2392 1261 2436 Corinthus.
1306 2393 1398 2435 Iam
1440 2394 1570 2448 primi
1612 2396 1796 2448 quatuor
1837 2406 1984 2434 versus
2023 2406 2114 2434 rem

518 2479 592 2506 nos
635 2465 783 2507 docent
828 2479 955 2520 quam
1000 2479 1098 2506 mox
1141 2466 1184 2506 in
1218 2478 1345 2506 usum
1378 2468 1574 2506 nostrum
1607 2465 1820 2519 possimus
1853 2467 2111 2506 convertere.

519 2534 642 2579 Certe
673 2540 759 2578 tam
785 2535 916 2592 lepidi
944 2540 1044 2577 sunt
1069 2538 1118 2577 ut
1143 2549 1211 2577 me
1229 2537 1332 2590 quin
1351 2535 1586 2577 exscribam
1602 2550 1686 2577 non
1705 2536 1864 2590 possim
1882 2535 2109 2577 continere:

700 2607 829 2649 Parce
863 2621 957 2649 meo
988 2607 1149 2657 iuveni,
1183 2620 1256 2648 seu
1288 2607 1384 2661 quis
1417 2606 1525 2648 bona
1558 2619 1713 2661 pascua
1746 2606 1885 2661 campi

759 2677 843 2720 Seu
876 2677 977 2719 colis
1013 2678 1201 2719 umbrosi
1234 2677 1357 2719 devia
1387 2678 1546 2718 montis
1579 2690 1692 2732 aper,

698 2749 784 2791 Nec
819 2749 898 2790 tibi
931 2750 986 2790 sit
1018 2748 1146 2790 duros
1179 2749 1340 2790 acuisse
1373 2749 1417 2789 in
1450 2747 1607 2803 praelia
1642 2747 1807 2789 dentes:

757 2818 1022 2861 Incolumem
1057 2823 1199 2860 custos
1231 2819 1343 2860 hunc
1376 2818 1483 2859 mihi
1515 2822 1657 2860 servet
1689 2819 1836 2860 Amor.

577 2889 704 2930 Parce
738 2905 816 2930 meo
848 2889 1005 2931 iuveni:
1040 2903 1177 2931 nonne
1210 2892 1251 2931 et
1285 2903 1306 2931 e
1340 2889 1475 2930 tribus
1507 2888 1620 2930 hisce
1656 2887 1873 2930 vocabulis
1902 2892 1943 2930 et
1970 2903 1992 2930 e
2020 2892 2108 2930 toto

515 2960 644 3001 huius
671 2959 751 3002 loci
780 2959 927 3011 colore,
958 2961 1030 3016 qui
1060 2959 1338 3002 materculam
1366 2959 1509 3001 deceat
1538 2958 1690 3001 dilecto
1714 2960 1939 3000 timentem
1961 2957 2106 3008 filiolo,

516 3036 707 3071 »laturam
745 3033 938 3087 agnoscis
972 3033 1184 3086 virginem
1218 3031 1267 3072 de
1299 3029 1629 3081 adolescentulo,
1665 3029 1840 3072 vixdum
1874 3030 2102 3085 pueritiam

516 3116 696 3157 egresso,
732 3101 992 3145 sollicitam?
1025 3101 1272 3157 Sequuntur
1304 3101 1429 3144 haec:
