2320 3828
950 380 1005 421 25

185 507 308 560 poeta
337 502 484 545 latino.
519 501 635 557 Opus
669 515 758 543 esse
789 500 974 543 clamant
1002 504 1083 544 viri
1108 503 1219 546 docti
1248 509 1295 546 ut
1321 509 1513 548 accurata
1541 507 1767 562 sedulaque

183 574 457 629 inquisitione
499 586 582 627 qno
627 571 751 613 modo
794 572 990 627 quodque
1034 578 1180 615 natum
1224 577 1279 616 sit
1323 590 1486 618 carmen
1522 577 1764 628 efficiamus,

187 645 288 700 quid
321 643 402 685 sibi
432 657 479 685 eo
511 641 734 698 pangendo
767 644 1032 697 proposuerit
1067 649 1190 698 poeta
1218 647 1259 686 in
1290 644 1399 687 clara
1427 661 1631 701 ponamus
1658 647 1766 697 luce,

187 716 366 770 denique
410 718 457 756 ut
500 713 611 755 unde
654 712 825 768 singula
865 719 1122 765 ornamenta,
1155 717 1282 757 etiam
1316 719 1614 768 minutissima,
1649 718 1767 759 colle-

186 787 298 842 gerit
338 784 411 827 1110
454 785 780 839 investigemus.
827 784 882 825 At
915 798 993 839 ego
1027 785 1076 826 ad
1110 786 1211 827 bene
1242 787 1568 842 intelligendum
1601 803 1767 830 carmen

186 855 358 912 aliquod
411 856 559 910 utique
609 854 893 895 necessarium
943 868 1030 896 esse
1079 857 1168 897 eius
1218 859 1425 912 originem
1476 861 1516 899 in
1567 863 1766 914 promptu

187 928 340 969 habere
374 927 446 968 vix
478 924 741 974 crediderim,
776 928 850 966 aut
883 924 1051 966 nullum
1086 940 1270 981 unquam
1304 941 1469 969 carmen
1503 931 1668 970 exstitit
1700 944 1767 970 ex-

187 999 363 1040 sistetve
405 995 515 1052 quod
557 997 781 1050 quisquam
824 994 1062 1051 legentium
1095 997 1332 1052 intelligere
1367 1001 1508 1053 possit.
1542 999 1620 1041 Illa
1652 1001 1766 1041 enim

187 1072 286 1110 nota
318 1081 407 1110 esse
439 1070 579 1122 potest
611 1065 686 1108 soli
721 1069 869 1121 poetae
901 1067 996 1121 ipsi,
1031 1069 1157 1108 ceteri
1191 1082 1333 1109 omnes
1362 1070 1617 1110 coniecturas
1645 1069 1693 1111 de
1722 1083 1768 1111 ea

188 1140 321 1182 facere
347 1141 539 1193 possunt,
568 1151 675 1192 quae
703 1138 898 1192 quamvis
925 1138 1009 1178 sint
1026 1138 1243 1193 ingeniose
1262 1141 1524 1194 excogitatae
1543 1140 1767 1194 solidisque

188 1209 459 1252 confirmatae
491 1209 769 1263 argumentis,
804 1221 970 1262 semper
1001 1207 1237 1262 periculum
1272 1211 1351 1250 erit
1383 1224 1432 1251 ne
1460 1211 1699 1252 inveniatur
1726 1210 1768 1251 id

190 1280 301 1336 quod
334 1293 544 1334 nusquam
573 1282 781 1320 terrarum
810 1278 937 1319 fuerit
965 1292 1166 1333 unquam.
1202 1279 1372 1321 Etenim
1400 1280 1579 1335 prudens
1607 1281 1768 1322 dictum

188 1351 298 1393 illud
330 1350 443 1406 quod
476 1351 612 1392 cuivis
644 1351 688 1390 in
721 1352 907 1390 mentem
944 1351 1073 1399 venit,
1109 1351 1180 1404 qui
1213 1350 1412 1392 subtilem
1443 1351 1626 1406 aliquam
1651 1351 1770 1392 audit

192 1422 524 1477 disputationem
560 1421 852 1475 „ingeniosius
887 1433 1013 1474 quam
1049 1420 1218 1461 ve1·ius”
1253 1421 1353 1475 quid
1382 1420 1590 1476 significet
1616 1424 1770 1463 norunt

193 1493 266 1548 qui
310 1492 516 1533 sermonis
548 1490 672 1532 latini
706 1489 832 1546 paulo
864 1491 1106 1531 interiorem
1140 1490 1325 1545 aliquam
1358 1492 1438 1532 sibi
1471 1496 1671 1546 pararunt
1704 1506 1770 1533 no—

194 1564 346 1605 titiam.
390 1563 524 1617 Atqui
565 1560 674 1602 illud
720 1561 1017 1616 „ingeniosum
1060 1560 1231 1615 quidem
1272 1561 1341 1603 sed
1379 1577 1458 1604 non
1492 1561 1669 1604 verum'’
1705 1561 1770 1603 ad-

191 1647 360 1676 monere
403 1647 476 1675 nos
510 1636 649 1688 potest
681 1646 732 1673 ne
763 1632 947 1672 nimium
981 1631 1219 1673 tribuamus
1252 1631 1462 1674 doctrinae
1494 1631 1559 1673 illi
1591 1646 1695 1687 quae
1727 1634 1770 1673 in

191 1705 328 1760 poetis
355 1717 520 1759 quoque
549 1702 778 1744 tractandis
805 1702 1005 1744 admirari
1031 1706 1158 1750 vetet,
1188 1703 1292 1744 scire
1319 1704 1457 1744 conari
1482 1704 1637 1753 iubeat,
1667 1707 1771 1744 tam-

192 1788 320 1830 quam
362 1775 398 1815 si
442 1775 586 1815 omnia
629 1774 790 1828 possint
832 1772 883 1814 ad
925 1774 1186 1828 geometriae
1220 1775 1332 1828 exigi
1365 1786 1531 1814 normas
1555 1774 1595 1825 ¹).
1629 1773 1676 1814 In
1708 1775 1769 1814 in-

191 1844 392 1901 quirendo
419 1858 519 1887 vero
547 1843 636 1886 1000
662 1843 772 1885 1111ᾶο
800 1842 868 1885 vel
895 1844 1236 1884 minutissimum
1265 1843 1457 1898 quodque
1485 1845 1540 1884 sit
1558 1842 1769 1898 prolatum

191 1919 487 1958 ornamentum
531 1916 603 1969 qui
647 1914 822 1956 modum
863 1928 946 1955 non
990 1918 1104 1955 tenet
1142 1928 1308 1968 semper
1341 1918 1380 1955 et
1413 1915 1567 1969 ubique
1601 1928 1688 1955 rem
1723 1928 1769 1955 eo

190 1986 368 2029 deducet
394 1990 442 2028 ut
469 2000 543 2028 nos
571 1985 717 2027 doceat
745 1986 886 2026 omnia
914 1998 1019 2039 qnae
1047 1983 1197 2026 Graeci
1225 1984 1487 2039 Romanique
1514 1986 1771 2039 scripserunt

190 2061 406 2100 auctorem
448 2057 601 2098 habere
740 2054 951 2098 Cadmum
994 2054 1119 2096 illum
1164 2056 1236 2109 qui
1279 2056 1442 2108 primus
1484 2069 1504 2096 e
1545 2055 1770 2096 Phoenicia

186 2128 331 2170 literas
363 2127 571 2169 attulerit.
608 2125 763 2169 Contra
795 2127 831 2167 si
863 2127 958 2181 quis
990 2125 1160 2180 aliquod
1192 2139 1356 2167 carmen
1391 2139 1535 2167 revera
1567 2129 1693 2175 amat,
1727 2126 1769 2164 in

188 2198 349 2240 deliciis
382 2198 523 2248 habet,
557 2197 807 2247 admiratur,
841 2198 877 2239 si
909 2199 1002 2252 quis
1034 2200 1180 2252 poetae
1214 2196 1394 2238 alicuius
1422 2211 1521 2238 voce
1549 2196 1769 2245 delenitur,

189 2270 226 2310 si
268 2269 396 2311 verba
428 2270 519 2310 eius
551 2269 612 2310 ita
645 2272 760 2310 tenet
794 2269 998 2309 memoria
1032 2271 1080 2309 ut
1111 2266 1238 2309 evelli
1269 2282 1349 2308 non
1382 2281 1498 2322 posse
1532 2266 1768 2315 videantur,

189 2354 272 2382 non
315 2343 378 2381 est
420 2354 494 2381 cur
537 2338 704 2380 dubitet
745 2340 846 2394 quin
888 2338 931 2379 id
973 2337 1084 2393 quod
1127 2337 1311 2379 voluerit
1353 2341 1475 2392 poeta
1507 2337 1771 2392 aliquatenus

190 2412 300 2452 certe
333 2411 388 2451 sit
420 2412 653 2451 assecutus.
688 2408 734 2450 In
769 2413 988 2464 poetarum
1023 2408 1163 2450 studio
1196 2423 1325 2448 arnam
1357 2412 1413 2448 est
1444 2407 1678 2459 intelliyerc.

250 2479 332 2522 Sed
364 2480 433 2522 1110
466 2494 513 2522 00
546 2481 734 2522 contenti
766 2494 855 2521 esse
888 2493 970 2521 non
1003 2493 1240 2534 possumus.
1273 2477 1488 2534 Elegiolae
1517 2479 1631 2519 enim
1657 2476 1769 2526 illae,

191 2564 294 2605 quas
335 2552 421 2592 iam
465 2550 740 2606 perlegimus,
788 2552 984 2605 quamvis
1028 2550 1146 2591 nobis
1190 2553 1405 2598 venustae,
1449 2548 1660 2603 pulchrae,
1705 2547 1772 2588 ad-

190 2620 408 2663 mirabiles
450 2621 687 2672 videantur,
734 2625 898 2663 tantum
944 2635 1024 2662 non
1068 2621 1262 2675 cogimur
1300 2624 1511 2674 praeterea
1544 2619 1592 2660 de
1625 2632 1770 2660 earum

190 2693 377 2747 cogitare
409 2693 587 2747 origine.
622 2692 732 2734 Nam
767 2696 994 2746 supersunt
1026 2695 1239 2745 praeterea
1273 2691 1405 2744 ipsius
1436 2688 1648 2744 Sulpiciae
1680 2702 1770 2730 ver-

190 2761 326 2812 siculi,
359 2776 540 2817 quorum
574 2760 801 2804 Cerinthus
833 2766 896 2803 est
929 2764 1246 2817 argumentum.
1281 2759 1369 2801 Iam
1402 2760 1598 2801 brevitati
1625 2757 1771 2800 simul-

191 2846 272 2887 que
304 2833 598 2887 perspicuitati
632 2831 897 2875 consulentes
931 2832 996 2873 his
1029 2830 1211 2884 epistolia
1244 2830 1437 2871 dabimus
1466 2843 1629 2879 nomen,
1659 2828 1768 2883 quod

238 2965 270 3004 l)
292 2963 464 2995 Ludiorum
487 2963 557 2994 dedi
579 2962 758 3005 exemplum
781 2962 930 2993 carminis
955 2961 1018 2992 illis
1044 2961 1118 3002 ipsis
1143 2970 1329 3001 magnopere
1354 2958 1477 3001 probati
1502 2959 1554 2999 qni
1580 2969 1641 2989 non
1668 2959 1768 2989 solum

191 3018 346 3059 originem
374 3017 441 3049 eius
463 3017 647 3059 ignorarent
671 3018 733 3055 sed,
759 3018 842 3058 qnod
867 3016 967 3047 multo
992 3016 1089 3046 etiam
1114 3014 1258 3051 iocosius,
1284 3013 1481 3044 falsissimam
1506 3013 1562 3043 sibi
1588 3014 1652 3044 eius
1676 3013 1772 3053 origi-

192 3083 264 3104 nem
299 3073 403 3104 animo
436 3072 608 3110 finxissent,
641 3073 673 3104 in
704 3071 855 3104 Decenniz·
890 3071 949 3101 mei
975 3070 1092 3111 poetici
1124 3069 1316 3111 praefatione
1347 3080 1375 3109 p.
1402 3077 1441 3099 vn
1466 3079 1511 3109 sq.
1543 3068 1717 3098 Secundum
1740 3068 1770 3098 id

192 3128 275 3168 qnod
299 3137 394 3170 supra
417 3127 483 3159 dixi
506 3127 586 3159 illud
610 3127 789 3169 exemplum
816 3125 933 3167 sumpsi
959 3136 974 3155 e
998 3124 1074 3156 meis
1099 3124 1195 3166 ipsius
1219 3122 1418 3154 carminibus.
