2320 3828
950 371 1005 413 29

185 494 268 535 sint
296 492 411 535 soliti
440 496 678 548 praesentes
706 497 845 548 posset
873 494 1164 550 contemplari.
1194 496 1283 539 Hoc
1309 503 1371 540 est
1395 503 1531 542 curin
1551 503 1761 557 praeclaro

183 562 259 605 illo
300 562 452 605 Museo
494 562 763 611 Provinciali‚
808 564 917 618 quod
961 566 1178 620 Augustae
1220 567 1491 613 Trevirorum
1534 578 1608 622 est,
1653 576 1762 617 inter

183 636 246 675 tot
277 647 342 675 res
375 635 550 689 cognitu
585 633 872 689 dignissimas,
907 648 1008 688 quas
1042 635 1148 677 illud
1182 641 1350 694 egregie
1377 640 1599 696 dispositas
1629 646 1760 686 visen-

183 704 296 745 tibus
339 704 524 754 exhibet,
569 703 678 744 nihil
720 703 991 760 philologum
1035 708 1172 761 magis
1215 714 1384 751 moveat
1417 726 1542 766 quam
1576 728 1680 768 quac
1712 729 1759 757 eo

181 777 279 816 sunt
310 773 438 817 allata
470 789 519 816 ex
555 774 718 816 officina
751 773 922 825 falsarii,
957 776 1030 830 qui
1062 790 1189 818 venae
1218 778 1434 822 deterioris
1462 797 1658 825 nummos
1686 800 1758 840 pro

180 846 318 886 aureis
361 844 576 887 vendendo
623 859 712 886 rem
757 845 924 886 fecerit:
974 846 1074 887 11300
1119 849 1232 888 0111111
1279 851 1436 906 insigni
1481 867 1577 894 eum
1613 854 1759 896 docent

179 914 373 970 exemplo
416 929 554 957 mores
585 914 796 957 Romanos
831 929 927 956 cum
962 917 1157 958 omnibus
1190 919 1275 959 suis
1307 921 1424 962 vitiis
1457 924 1583 963 0113111
1618 925 1658 964 111
1692 938 1759 966 ex-

179 989 334 1028 tremos
365 987 535 1041 imperii
569 990 808 1041 penetrasse
842 985 1034 1041 angulos.
1079 986 1286 1042 Epistolia
1319 996 1459 1032 autem
1489 997 1631 1035 nostra
1659 996 1756 1037 viva

179 1057 371 1098 veritatis
413 1070 513 1099 voce
546 1060 756 1098 testantur
789 1059 924 1098 aetate
958 1055 1148 1112 Augusti
1181 1058 1269 1100 fieri
1301 1063 1486 1115 potuisse
1520 1068 1567 1104 ut
1603 1065 1755 1107 semina

177 1126 366 1169 Romana
408 1141 576 1168 summo
620 1126 710 1168 loco
743 1130 840 1168 nata
873 1141 954 1168 uon
989 1127 1129 1169 solum
1164 1127 1420 1172 Graeculum
1453 1132 1635 1188 aliquem
1669 1150 1754 1177 ver-

175 1211 275 1240 nam
317 1198 524 1253 deperiret
566 1198 637 1240 sed
679 1199 809 1239 etiam
854 1211 1040 1239 amorem
1083 1212 1207 1240 suum
1250 1200 1388 1254 palam
1420 1203 1752 1259 proloqueretur,

174 1284 248 1311 nec
291 1269 612 1325 proloqueretur
653 1267 792 1310 solum
831 1268 903 1310 sed
935 1270 1062 1310 etiam
1096 1269 1351 1324 gloriaretur
1382 1272 1469 1323 illo,
1504 1278 1752 1331 tantumque

173 1340 327 1382 afuisse
370 1343 419 1382 ut
460 1354 554 1382 eam
598 1344 892 1381 aversarentur
936 1342 1008 1394 qui
1052 1340 1232 1382 eundem
1276 1343 1387 1384 inter
1418 1345 1529 1386 cives
1564 1350 1751 1388 tenerent

173 1409 328 1461 locum,
363 1415 411 1451 *ut
443 1412 516 1465 qui
549 1409 662 1465 apud
694 1409 794 1451 illos
826 1411 868 1451 in
897 1424 1066 1452 summo
1095 1415 1204 1452 esset
1232 1412 1384 1454 honore
1412 1419 1532 1468 poeta
1560 1415 1752 1472 dignissi-

172 1495 287 1522 mam
321 1480 442 1522 illam
474 1484 645 1536 putaret
677 1481 899 1522 materiem
934 1482 1002 1522 cui
1034 1480 1306 1524 illustrandae
1339 1483 1512 1526 caeleste
1539 1500 1664 1528 suum
1692 1489 1751 1528 in-

171 1553 345 1607 genium
375 1551 603 1593 adhiberet.
634 1550 745 1592 Tum
774 1550 948 1592 demum
976 1551 1191 1606 intelliget
1218 1554 1286 1594 0111
1314 1567 1355 1595 se
1370 1552 1503 1596 labori
1520 1556 1751 1600 adcinxerit

172 1623 395 1678 Augustus
439 1636 537 1664 cum
580 1621 772 1663 moribus
817 1621 1018 1663 Romanis
1053 1622 1324 1665 emendandis
1358 1639 1527 1679 operam
1560 1626 1656 1669 dare
1688 1629 1748 1668 in-

169 1694 338 1748 ciperet.
382 1693 575 1735 Profecto
618 1707 697 1734 11011
742 1706 870 1734 11113111
904 1693 954 1734 ob
987 1707 1157 1734 causam
1189 1707 1332 1748 operae
1364 1697 1549 1749 pretium
1583 1697 1750 1740 videtur

169 1763 363 1819 epistolia
396 1778 493 1805 cum
527 1762 766 1818 pulvisculo
793 1767 1002 1805 excutere.
1037 1763 1156 1814 Quod
1184 1764 1250 1804 hic
1279 1778 1326 1805 00
1355 1764 1568 1808 lubentius
1597 1768 1746 1810 faciam

168 1835 267 1890 quia
308 1833 422 1876 haud
461 1835 522 1875 ita
553 1848 685 1889 pauca
718 1833 825 1874 mihi
857 1833 999 1874 afferre
1035 1847 1153 1888 posse
1186 1833 1330 1876 videor
1362 1835 1413 1876 ad
1447 1851 1593 1878 versus
1627 1852 1747 1893 quos-

167 1905 265 1946 dam
298 1904 578 1947 emendandos
611 1906 822 1946 rectiusve
854 1904 1201 1959 interpretandos.
1236 1904 1324 1956 Qua
1356 1907 1398 1946 in
1432 1921 1474 1948 re
1508 1909 1543 1949 si
1570 1922 1637 1950 me
1665 1924 1745 1951 11011

166 1975 365 2017 fefellerit
408 1990 522 2031 spes,
567 1977 697 2018 etiam
741 1974 932 2030 elegiolis
974 1974 1134 2030 aliquid
1175 1975 1281 2017 lucis
1324 1976 1516 2020 attulisse
1558 1979 1743 2022 videbor.

166 2046 258 2101 Age
300 2047 385 2088 iam
429 2060 725 2102 percurramus
769 2043 933 2088 omnia!
973 2045 1151 2087 Initium
1184 2046 1362 2088 facimus
1395 2048 1444 2089 ab
1478 2062 1524 2090 οο
1557 2050 1668 2104 quod
1703 2052 1745 2092 in

165 2116 379 2158 codicibus
413 2121 454 2158 et
486 2117 744 2159 editionibus
778 2116 1009 2158 secundum
1042 2120 1157 2158 tenet
1188 2116 1349 2167 locum;
1385 2119 1434 2159 ab
1466 2133 1511 2160 eo
1539 2122 1651 2162 enim
1681 2135 1745 2162 res

163 2188 254 2242 ipsa
297 2189 472 2229 initium
518 2190 642 2244 cepit.
688 2187 780 2230 Hoc
822 2189 1010 2242 primum
1042 2187 1140 2229 fecit
1172 2187 1371 2243 Sulpicia,
1408 2188 1612 2231 ultimum
1646 2206 1744 2233 vero

163 2257 207 2299 id
250 2258 361 2314 quod
404 2273 514 2300 1111110
557 2260 747 2314 primum
784 2259 968 2313 ponitur.
1014 2257 1060 2299 Id
1092 2259 1127 2298 si
1162 2260 1323 2313 primus
1355 2259 1601 2301 mortalium
1634 2261 1744 2303 vidit

165 2326 410 2379 Cartaltius‚
440 2343 521 2370 non
550 2328 690 2371 solum
718 2329 941 2384 ingenium
973 2329 1053 2369 viri
1079 2330 1430 2383 praestantissimi
1454 2329 1650 2380 admiror,
1671 2331 1741 2372 sed

163 2400 305 2450 etiam,
334 2403 474 2454 atque,
504 2401 539 2441 31
567 2399 656 2441 fieri
683 2403 823 2455 potest
851 2400 1003 2454 magis,
1031 2398 1341 2448 verecundiam,
1372 2401 1443 2454 qui
1470 2413 1549 2441 non
1576 2399 1741 2442 disertis

160 2468 252 2511 llud
292 2470 568 2525 proloquatur
609 2472 771 2512 verbis:
812 2472 904 2511 iure
946 2471 1118 2511 invento
1153 2483 1228 2510 suo
1258 2468 1466 2524 gloriatus
1499 2475 1619 2520 esset,
1654 2477 1739 2512 tam

160 2539 352 2596 lepidum
383 2540 491 2582 illud
524 2546 587 2582 est
619 2545 846 2595 tantaeque
879 2541 921 2580 in
955 2539 1067 2581 hisce
1101 2539 1464 2593 disquisitionibus
1497 2539 1708 2582 utilitatis.

219 2610 373 2666 Incipit
390 2625 490 2667 ergo
508 2611 697 2667 legentes
716 2612 849 2653 facere
867 2611 1062 2652 certiores
1080 2608 1269 2664 Sulpicia
1287 2609 1335 2650 de
1354 2609 1539 2664 periculo
1558 2611 1737 2665 quodam

159 2681 240 2722 sibi
266 2683 528 2732 imminenti3
560 2682 637 2724 hoc
664 2683 747 2723 nisi
774 2683 817 2722 in
847 2684 1033 2735 tempore
1062 2684 1265 2729 arceatur,
1294 2679 1343 2720 de
1372 2693 1414 2720 se
1442 2684 1482 2721 et
1505 2694 1646 2722 amore
1664 2695 1738 2722 suo

158 2756 300 2793 actum
328 2766 415 2794 esse
443 2754 730 2808 conqueritur.
761 2752 906 2794 Metus
933 2751 1046 2792 enim
1076 2753 1138 2791 est
1164 2764 1214 2791 110
1241 2764 1264 2791 3
1292 2748 1491 2792 Cerintho
1516 2764 1590 2792 suo
1608 2751 1737 2793 divel-

157 2821 271 2863 latur
311 2822 438 2878 idque
470 2837 516 2865 eo
549 2823 614 2864 die
647 2837 773 2878 quem
806 2821 1090 2863 laetissimum
1123 2821 1208 2862 fore
1241 2821 1320 2861 sibi
1353 2822 1605 2875 promiserit.
1650 2821 1737 2862 Pri-

158 2906 280 2934 mum
313 2893 428 2934 enim
461 2892 668 2935 distichon
703 2897 766 2934 est
799 2889 1117 2933 huiuscemodi:

336 2963 505 3006 Invisus
538 2963 690 3005 natalis
724 2963 854 3013 adest,
890 2963 962 3016 qui
995 2974 1090 3002 rure
1123 2959 1300 3001 molesto

397 3034 451 3075 Et
484 3036 573 3076 sine
605 3033 806 3077 Cerintho
840 3033 974 3074 tristis
1009 3029 1196 3085 agendus
1229 3032 1322 3071 erit.

217 3103 299 3145 Hic
343 3104 392 3145 de
438 3106 575 3146 utrius
619 3105 684 3146 die
727 3102 858 3146 natali
900 3115 1035 3144 sermo
1067 3101 1122 3141 sit
1155 3101 1394 3154 quaerimus
1426 3099 1582 3142 etiam?
1615 3101 1730 3152 QuiS,
