2320 3828
1313 370 1370 412 28

544 497 689 550 ciaque
722 497 835 536 stant
868 497 965 535 ante
997 492 1153 535 oculos.
1186 491 1266 534 Sed
1299 506 1572 548 quaecunque
1604 497 1703 534 sunt
1735 492 1872 536 libelli
1899 492 2134 535 Tibulliani

545 568 739 616 virtutes,
768 569 810 606 et
837 563 997 605 multae
1025 577 1096 605 eae
1124 567 1223 605 sunt
1252 565 1530 618 eximiaeque,
1562 568 1703 606 tamen
1733 568 1795 606 est
1821 578 1896 606 cur
1921 563 2135 620 Sulpiciae

545 635 740 692 epistolia
780 635 913 691 pluris
957 636 1087 677 etiam
1131 634 1298 676 faciam.
1342 633 1559 690 Elegiolas
1601 634 1699 677 illas
1744 637 1827 677 nisi
1871 636 2135 685 haberemus,

545 708 686 750 deesse
730 707 851 748 nobis
892 704 1054 761 aliquid
1101 706 1172 747 vix
1215 706 1483 755 sentiremus,
1529 705 1601 748 sed
1639 708 1807 762 integra
1840 710 1969 749 staret
2003 713 2045 748 et
2076 708 2140 748 in-

544 791 742 820 concussa
783 776 1005 818 literarum
1047 775 1279 817 latinarum
1324 780 1490 818 aeterna
1532 775 1607 817 illa
1649 776 1807 832 gloria,
1851 791 1980 832 quam
2026 775 2136 818 nibil

544 849 701 891 delebit
743 861 932 902 unquam
975 847 1283 888 obscurabitve.
1331 845 1411 888 Sed
1446 860 1552 902 quae
1584 847 1754 889 chartae
1787 848 2009 890 mandavit
2041 846 2137 889 Sul-

544 921 653 976 picia
696 921 730 960 si
770 919 1006 974 periissent,
1041 919 1333 959 amisissemus
1366 916 1528 973 aliquid
1562 918 1673 973 quod
1708 932 1873 974 semper
1906 923 1946 960 et
1979 918 2135 973 ubique

544 990 624 1032 suit
667 990 948 1040 rarissimum,
987 990 1031 1029 in
1074 987 1211 1030 literis
1256 1002 1355 1030 vero
1399 988 1601 1030 Romanis
1646 989 1953 1044 propemodum
1998 992 2137 1031 exstat

544 1062 731 1102 unicum.
774 1059 905 1114 Saepe
938 1064 1176 1114 queruntur
1208 1059 1400 1101 homines
1434 1059 1544 1114 quod
1578 1059 1690 1114 apud
1723 1061 1945 1115 scriptores
1978 1065 2138 1115 poetas-

543 1146 622 1186 que
654 1130 808 1172 latinos
841 1132 985 1172 omnia
1018 1132 1147 1172 nimis
1182 1132 1265 1171 sint
1298 1130 1538 1180 artificiosa,
1575 1130 1686 1186 quod
1715 1145 1882 1186 semper
1909 1136 1950 1172 et
1977 1131 2134 1185 ubique

542 1201 607 1243 illi
650 1215 796 1243 eorum
830 1215 937 1256 quae
968 1202 1012 1242 in
1046 1200 1187 1242 schola
1221 1200 1468 1243 didicissent
1499 1203 1542 1242 in
1575 1200 1782 1256 librisque
1809 1203 1898 1242 suis
1930 1201 2136 1257 legissent

542 1273 643 1315 adeo
671 1273 827 1314 fuerint
853 1285 1062 1314 memores
1091 1276 1137 1313 ut
1166 1286 1288 1327 saepe
1315 1276 1510 1314 canerent
1540 1272 1855 1327 scriberentque
1877 1286 1983 1327 quae
2000 1285 2135 1326 neque

543 1343 749 1386 vidissent
782 1357 916 1398 neque
949 1344 1112 1398 experti
1145 1348 1284 1384 essent
1317 1356 1520 1398 unquam.
1567 1342 1634 1393 Et,
1669 1342 1902 1385 dummodo
1935 1345 1979 1384 in
2012 1356 2059 1384 ea
2091 1356 2134 1383 re

542 1413 718 1456 modum
765 1428 816 1455 116
861 1413 1077 1463 excedant,
1120 1415 1213 1455 iure
1256 1420 1506 1469 queruntur.
1557 1414 1739 1455 Omnino
1784 1414 1897 1469 apud
1940 1414 2135 1469 quemvis

542 1489 712 1541 poetam
753 1484 938 1526 latinum
982 1483 1151 1527 difficile
1194 1484 1310 1526 dictu
1353 1489 1417 1527 est
1459 1484 1561 1540 quid
1606 1499 1759 1527 verum
1803 1490 1929 1541 atque
1963 1499 2014 1527 ex
2044 1486 2135 1540 ipsa

542 1557 630 1598 vita
663 1559 887 1610 sumptum
923 1556 991 1606 sit,
1025 1555 1128 1610 quid
1157 1555 1392 1597 secundum
1421 1557 1583 1611 topicae
1611 1557 1713 1598 artis
1739 1559 1959 1611 praecepta
1986 1555 2135 1597 fictum

541 1631 666 1681 atque
709 1631 974 1668 exornatum.
1020 1627 1077 1667 At
1107 1628 1153 1667 in
1185 1625 1397 1681 Sulpiciae
1426 1626 1636 1682 epistoliis
1669 1625 1778 1668 1111111
1811 1630 1875 1668 est
1908 1626 2018 1682 quod
2051 1640 2134 1667 11011

539 1700 675 1753 ipsam
710 1699 846 1740 vitam
875 1697 994 1740 nullo
1022 1698 1209 1740 fucatam
1236 1698 1389 1739 referat
1418 1697 1610 1748 1111111610,-
1636 1699 1865 1753 ipsumque
1889 1697 1997 1739 illud
2024 1696 2135 1753 quod

539 1771 582 1810 in
631 1767 874 1810 Tibulliano
921 1768 1125 1824 opusculo
1172 1768 1399 1810 laudamus
1447 1769 1793 1824 admiramurque
1842 1770 2045 1818 maxime,
2089 1767 2133 1809 id

539 1854 663 1882 omne
696 1854 719 1882 a
752 1838 942 1895 Sulpicia
975 1853 1048 1881 sua
1083 1839 1231 1881 habet:
1261 1839 1337 1881 illa
1365 1840 1404 1881 ei
1430 1841 1551 1882 vivos
1579 1839 1674 1881 illos
1702 1841 1993 1895 spirantesque
2021 1852 2136 1894 prae-

539 1911 633 1952 buit
668 1911 873 1960 homines,
908 1911 1008 1952 111116
1036 1915 1259 1966 acceptum
1288 1915 1351 1952 est
1379 1910 1647 1953 referendum
1676 1911 1789 1966 quod
1816 1925 1937 1953 veros
1966 1923 2133 1966 quoque

538 1981 742 2036 quosdam
769 1981 984 2024 Romanae
1013 1981 1208 2023 mulieris
1227 1996 1393 2023 amores
1412 1983 1532 2024 nobis
1551 1996 1800 2038 cognoscere
1817 1981 1931 2024 licet.
1962 1981 2134 2023 Accedit

536 2052 697 2108 aliquid
726 2053 838 2108 quod
866 2052 1164 2108 epistoliorum
1193 2054 1380 2108 pretium
1408 2054 1570 2094 mirum
1599 2058 1806 2108 quantum
1825 2056 1968 2109 auget.
1997 2053 2134 2093 Mores

537 2125 640 2164 certi
682 2122 831 2178 populi
864 2127 1085 2178 certaeque
1119 2124 1268 2165 aetatis
1301 2125 1373 2179 qui
1408 2138 1658 2180 cognoscere
1689 2126 1821 2179 cupit,
1855 2125 1904 2174 is,
1939 2125 1974 2165 si
2008 2125 2131 2178 sapit,

537 2196 758 2250 praecipue
802 2194 920 2236 dabit
964 2207 1136 2250 operam
1175 2198 1224 2236 ut
1258 2199 1466 2250 quatenus
1499 2195 1678 2248 corrupti
1711 2199 1754 2237 et
1787 2194 1999 2248 depravati
2032 2199 2132 2236 111116

537 2280 675 2307 mores
709 2265 867 2307 fuerint
900 2279 1027 2321 quam
1061 2267 1378 2308 accuratissime
1412 2265 1584 2308 definire
1617 2268 1763 2321 possit.
1799 2266 1923 2307 Nunc
1957 2267 2030 2320 qui
2062 2279 2132 2307 an-

537 2338 676 2391 tiquos
719 2335 988 2391 perambulat
1032 2337 1271 2392 Pompeios,
1306 2351 1404 2379 cum
1437 2336 1488 2378 ad
1520 2336 1663 2379 locum
1696 2336 1823 2378 illum
1857 2336 2013 2378 aediles
2045 2349 2132 2377 me-

536 2411 726 2448 tuentem
771 2409 979 2462 pervenit,
1023 2409 1114 2449 eius
1147 2407 1254 2449 fores
1288 2407 1451 2449 clausas
1485 2408 1604 2450 videt
1638 2412 1680 2449 et
1711 2421 1735 2449 a
1768 2407 1871 2450 duce
1904 2421 1979 2449 suo
2012 2407 2132 2448 audit

536 2484 671 2532 neque
713 2479 848 2532 pretio
892 2492 1026 2533 neque
1070 2479 1266 2533 precibus
1300 2483 1348 2520 ut
1383 2480 1628 2534 aperiantur
1662 2492 1782 2534 posse
1815 2479 2050 2533 impetrari.
2085 2477 2131 2519 Si

534 2549 685 2603 hospes
727 2548 800 2590 ille
844 2554 907 2590 est
950 2551 1016 2590 vir
1049 2551 1122 2604 qui
1156 2550 1404 2604 antiquitati
1437 2549 1650 2591 Romanae
1683 2550 1754 2591 dat
1787 2563 1971 2605 operam,
2008 2549 2130 2591 vehe-

535 2625 698 2661 menter
748 2619 862 2662 dolet
906 2620 983 2662 hac
1026 2634 1193 2676 quoque
1236 2622 1280 2661 111
1323 2634 1366 2662 16
1411 2621 1750 2676 obtemperatum
1793 2621 2023 2676 pudicitiae
2065 2619 2130 2661 illi

536 2690 754 2746 Anglicae,
798 2705 893 2741 non,
929 2691 1082 2741 hercle,
1118 2691 1230 2746 quod
1263 2692 1403 2733 verbis
1437 2692 1627 2733 obscenis
1663 2691 1944 2746 turpibusque
1975 2691 2129 2746 imagi-

535 2761 658 2802 nibus
703 2766 919 2817 tantopere
952 2761 1184 2804 delectetur
1217 2762 1288 2804 sed
1322 2764 1422 2817 quia
1454 2764 1541 2804 suis
1576 2762 1710 2804 oculis
1743 2761 1956 2817 quomodo
1991 2766 2128 2803 aetate

533 2834 806 2887 imperatoria
839 2835 1025 2875 vixerint
1058 2835 1284 2888 municipii
1317 2833 1471 2875 modici
1505 2833 1666 2876 incolae
1700 2833 1843 2875 videre
1877 2834 2010 2888 cupit.
2045 2832 2127 2874 Hic

533 2908 769 2945 ceterorum
813 2903 1029 2946 domicilia
1072 2904 1179 2945 nihil
1221 2919 1320 2946 eum
1364 2904 1474 2960 quod
1517 2907 1572 2946 sit
1616 2906 1763 2960 magni
1796 2905 1923 2960 pretii
1955 2903 2126 2945 docent:

534 2975 648 3029 frugi
692 2974 872 3016 alicuius
917 2977 1004 3017 coci
1049 2976 1278 3030 pistorisve
1322 2977 1457 3018 vitam
1502 2980 1602 3017 tunc
1647 2975 1824 3017 eandem
1869 2975 1953 3016 fere
1998 2987 2126 3029 quam

532 3059 642 3086 nunc
684 3046 812 3087 fuisse
856 3045 918 3087 vel
966 3047 1024 3087 sic
1065 3045 1260 3088 lubenter
1305 3046 1458 3097 credit3
1496 3047 1566 3088 sed
1600 3046 1788 3088 multum
1824 3045 2055 3102 proficeret,
2090 3046 2126 3086 si

533 3115 843 3170 quodammodo
886 3116 1056 3159 lenones
1102 3117 1308 3173 lupasque
1351 3121 1392 3159 et
1433 3119 1507 3172 qui
1549 3119 1660 3159 inter
1701 3131 1770 3160 eos
1804 3118 1941 3160 vitam
1973 3115 2124 3171 degere
