2320 3828
746 981 1162 1039 PRAEFATIO.

216 1312 326 1357 Cum
374 1328 514 1357 meam
554 1314 890 1370 qualemcunque
931 1316 979 1356 de
1027 1313 1182 1355 Tibullo
1216 1318 1338 1366 poeta
1384 1313 1742 1369 disputationem,

156 1395 463 1453 Mnemosynae
503 1396 784 1448 inserendam,
827 1409 1054 1451 parassem,
1099 1409 1193 1450 spes
1236 1398 1336 1437 nata
1377 1395 1486 1436 mihi
1528 1400 1591 1437 est
1624 1409 1744 1451 posse

154 1476 267 1532 inde,
310 1478 345 1519 si
386 1477 670 1520 adficerentur
707 1479 790 1533 ipsi
832 1491 982 1520 versus
1027 1476 1079 1519 ad
1111 1491 1214 1532 quos
1245 1478 1430 1532 pertinet
1463 1476 1550 1527 illa,
1586 1478 1742 1532 quique

157 1571 249 1599 cam
283 1557 425 1613 aliquo
456 1558 581 1600 modo
613 1558 846 1608 illustrant,
879 1557 1076 1600 libellum
1109 1557 1216 1599 effici
1243 1558 1416 1600 fortasse
1445 1571 1495 1599 ne
1523 1559 1628 1613 ipsis
1655 1559 1744 1613 qui-

156 1639 252 1681 dem
284 1639 512 1696 philologis
543 1639 665 1695 plane
697 1639 1067 1690 contemnendum,
1102 1638 1172 1681 sed
1203 1638 1291 1681 illis
1322 1642 1432 1681 certe
1464 1642 1640 1695 gratum
1672 1641 1745 1694 qui

155 1721 291 1763 literis
331 1721 476 1763 latinis
519 1721 721 1763 oblectari
765 1722 950 1776 cupiant.
985 1721 1124 1775 Atque
1157 1720 1311 1762 horum
1344 1721 1465 1762 nobis
1497 1720 1575 1762 hac
1608 1724 1744 1763 aetate

155 1804 404 1859 praesertim
447 1804 655 1846 rationem
698 1817 786 1845 esse
826 1802 1064 1845 habendam
1108 1802 1215 1844 mihi
1258 1804 1633 1857 persuasissimum
1667 1807 1742 1844 est.

155 1883 262 1934 Non,
305 1883 457 1934 hercle,
501 1885 538 1926 is
575 1898 655 1941 ego
698 1898 794 1926 sum
828 1885 902 1939 qui
934 1884 1131 1939 quamvis
1164 1888 1380 1925 accuratas
1413 1898 1663 1939 severasque
1695 1883 1744 1925 de

153 1965 486 2006 intricatissimis
514 1965 832 2020 quaestionibus
860 1964 1090 2020 despiciam
1117 1965 1509 2016 commentationes,
1539 1964 1609 2006 sed
1629 1965 1745 2006 omni

154 2043 251 2086 illas
285 2058 423 2087 carere
455 2045 598 2088 fructu
630 2047 791 2101 opinor,
824 2046 906 2087 nisi
938 2045 989 2087 ad
1022 2046 1136 2100 ipsos
1169 2046 1393 2100 scriptores
1424 2049 1652 2101 poetasque
1680 2059 1748 2087 an-

155 2126 296 2180 tiquos
324 2127 440 2168 viam
468 2128 663 2168 muniant
691 2127 863 2169 brevem
891 2125 1220 2181 iucundamque.
1249 2125 1420 2168 Florere
1445 2126 1586 2168 studia
1604 2129 1747 2168 nostra

156 2220 239 2248 non
271 2211 448 2262 possunt
481 2208 517 2249 si
547 2208 676 2263 ipsae,
712 2221 893 2262 quarum
927 2221 1050 2249 causa
1083 2207 1376 2262 suscipiuntur
1406 2206 1495 2258 illa,
1524 2209 1745 2249 intermor-

156 2291 254 2329 tuae
295 2292 396 2330 sunt
436 2287 597 2330 literae.
642 2288 727 2330 Sua
772 2302 937 2344 semper
975 2288 1255 2339 Baehrensiis,
1290 2287 1521 2340 Cartaltiis,
1555 2288 1746 2344 Iacobyis

155 2367 248 2410 laus
290 2369 419 2411 stabit
462 2368 703 2425 gloriaque,
748 2369 819 2411 sed
862 2370 1037 2412 fortasse
1079 2383 1161 2411 non
1205 2370 1347 2411 minus
1393 2370 1497 2412 bene
1542 2384 1653 2412 nunc
1697 2370 1746 2411 de

157 2448 326 2492 Tibullo
359 2451 605 2501 merebitur,
640 2452 675 2492 si
708 2453 802 2506 quis
836 2451 1017 2493 effecerit
1051 2455 1100 2492 ut
1132 2451 1268 2493 denuo
1301 2451 1472 2507 legatur
1505 2453 1556 2493 ab
1588 2453 1639 2493 iis
1673 2453 1746 2507 qui

157 2544 255 2572 eum
303 2545 377 2586 per
424 2531 584 2574 multos
626 2533 714 2573 iam
757 2545 887 2573 annos
929 2533 971 2573 in
1015 2533 1180 2574 scriniis
1223 2538 1393 2575 servant
1435 2533 1744 2574 absconditum.

157 2610 255 2653 Vita
293 2612 414 2654 nobis
449 2616 489 2654 et
522 2614 740 2654 communi
773 2612 867 2654 luce
901 2626 1006 2668 opus
1041 2616 1104 2654 est
1136 2627 1187 2654 ne
1219 2613 1311 2667 ipsa
1339 2617 1480 2655 nostra
1512 2615 1747 2656 emoriatur

156 2691 366 2735 doctrina!
