2320 3828
19 150 24 154 .
0 0 33 131 >ma

965 370 1017 412 41

199 489 412 532 Martialis
440 491 752 546 epigrammata
779 494 946 532 tantum
975 492 1128 534 habent
1157 493 1354 549 leporem.
1382 496 1461 538 Sed
1489 501 1530 539 et
1557 497 1776 539 Tibullum

201 561 269 603 hic
299 562 591 617 agnoscimus:
629 562 672 601 iu
707 560 867 602 deliciis
901 565 1012 603 enim
1047 566 1083 604 ei
1119 564 1162 605 τὸ
1198 567 1488 617 ἀπροσδόκητον
1521 569 1648 609 fuisse
1679 583 1776 609 011111

200 645 222 674 0
264 631 495 673 maioribus
539 632 630 672 eius
672 636 845 685 apparet
888 631 1049 688 elegiis,
1085 639 1175 674 tuni
1210 650 1257 676 ex
1293 635 1483 692 elegiolis
1511 638 1560 678 ‹le
1592 637 1778 692 Sulpicia

200 706 241 743 et
283 699 484 744 Cerintho
527 703 819 757 cognovimus.
865 701 975 743 Tum
1013 729 1067 734 —-
1102 711 1142 746 et
1181 706 1256 747 1100
1291 720 1454 762 quoque
1488 710 1701 763 proprium
1738 713 1779 749 et

199 772 410 828 peculiare
451 771 612 813 Tibulli
656 797 706 803 —
749 786 872 814 veros
918 775 1183 829 sincerosque.
1226 779 1355 817 animi
1399 778 1567 819 affectus
1612 780 1779 819 subesse

200 845 300 885 huic
331 844 422 884 ioco
455 844 675 884 sentimus.
712 842 874 884 Revera
908 843 1138 886 sollicitum
1169 861 1265 888 eum
1296 848 1563 889 reddiderunt
1593 863 1779 890 rumores

199 914 266 956 illi
297 928 401 969 quos
433 917 519 954 tam
553 912 662 954 belle
696 914 916 968 repudiare
951 921 989 956 et
1020 916 1162 958 audire
1192 917 1300 958 nolle
1330 933 1370 959 se
1400 918 1585 959 simulat.
1622 920 1779 960 Revera

199 988 389 1026 metuere
429 985 580 1039 incipit
624 998 674 1025 110
718 983 864 1026 rivalis
908 984 1060 1040 aliquis
1104 987 1288 1041 puellam
1334 1003 1451 1030 suam
1486 1004 1508 1030 a
1540 1004 1581 1031 se
1615 995 1779 1031 avertat

199 1058 275 1098 aut
315 1057 402 1096 iam
444 1057 658 1097 averterit.
710 1055 825 1097 Haec
869 1070 992 1097 causa
1036 1063 1098 1098 est
1141 1073 1214 1098 cur
1256 1059 1364 1099 haud
1408 1061 1562 1100 iniuria
1605 1061 1778 1101 fortasse

200 1124 434 1170 Cartaltius
476 1127 714 1181 suspicetur
747 1125 946 1180 puellam,
983 1127 1033 1168 de
1067 1142 1148 1182 qua
1182 1129 1247 1170 1110
1281 1144 1417 1171 sermo
1452 1132 1519 1180 sit,
1555 1145 1640 1171 esse
1674 1130 1777 1186 Gly-

200 1211 339 1239 ceram
370 1195 506 1246 illam,
541 1198 663 1238 cuius
695 1196 868 1252 perfidia
901 1212 949 1239 ne
978 1203 1143 1252 poetam
1172 1199 1221 1240 ad
1253 1200 1537 1249 „miserabiles
1564 1200 1780 1242 det-,antan-

201 1267 274 1309 dos
317 1265 488 1322 elegos''
532 1266 677 1323 adigat
720 1266 926 1309 Horatius
965 1271 1148 1310 carmine
1182 1284 1255 1310 suo
1288 1270 1318 1317 I,
1354 1270 1408 1311 33
1433 1271 1460 1320 1)
1494 1270 1563 1311 dat
1595 1285 1777 1325 operam.

203 1338 307 1379 Vide
340 1339 512 1379 omnino
547 1339 846 1379 suavissimam
881 1337 1075 1381 Cartaltii
1109 1339 1158 1381 de
1191 1340 1255 1381 his
1287 1342 1500 1381 amoribus
1534 1340 1665 1395 deque
1699 1341 1780 1381 Ho-

202 1410 301 1451 ratii
344 1407 588 1463 Tibullique
630 1410 817 1450 amicitia
860 1409 1191 1464 disputationem
1234 1413 1277 1451 in
1322 1411 1548 1452 utilissimo
1591 1413 1681 1452 eius
1715 1426 1780 1453 ve-

205 1481 534 1534 nustissimoque
566 1478 674 1520 libro
709 1494 748 1534 p.
784 1479 976 1521 24—32.

263 1549 344 1591 Sed
382 1551 579 1605 quamvis
611 1549 800 1604 lepidum
835 1550 911 1592 hoc
945 1552 1000 1592 sit
1034 1552 1367 1607 ‚‚epigramma'',
1402 1554 1604 1593 maiorem
1640 1558 1778 1593 tamen

200 1621 505 1674 iustioremque
547 1625 693 1661 movet
739 1620 1061 1662 admirationem
1109 1622 1219 1676 quod
1267 1623 1486 1677 praecedit.
1532 1622 1663 1663 Cuius
1694 1624 1779 1663 iam

203 1692 347 1732 statim
390 1692 519 1746 primi
553 1705 699 1732 versus
738 1706 812 1732 nos
847 1692 994 1733 docent
1027 1706 1105 1733 non
1138 1707 1233 1733 cum
1268 1692 1348 1734 levi
1385 1692 1563 1747 quodam
1599 1707 1779 1747 moxque

202 1763 428 1803 interituro
462 1762 529 1803 1110
562 1762 682 1803 nobis
715 1776 804 1803 rem
837 1777 924 1804 esse
958 1765 1088 1803 animi
1121 1765 1298 1818 impetu.
1333 1762 1661 1805 Consummatus
1693 1764 1776 1803 iam

205 1831 280 1874 ille
313 1846 432 1874 amor
463 1836 526 1873 est
558 1836 600 1874 et
632 1847 697 1874 res
728 1834 820 1888 ipsa
852 1838 990 1874 ratum
1024 1848 1121 1874 eum
1157 1834 1275 1874 fecit:

382 1902 511 1944 Nulla
543 1906 667 1944 tuum
702 1905 820 1945 nobis
853 1904 1058 1945 subducet
1092 1905 1247 1945 femina
1278 1903 1435 1945 lectum

443 1974 534 2015 Hoc
566 1975 755 2029 primum
787 1976 930 2016 iuncta
962 1980 1024 2016 est
1058 1975 1221 2016 foedere
1254 1979 1393 2016 nostra
1427 1974 1578 2015 Venus,

201 2044 296 2094 Sed,
330 2058 382 2085 ne
413 2044 514 2099 quid
547 2044 829 2094 dissimulem,
863 2047 905 2086 in
938 2047 1018 2086 isto
1043 2046 1213 2098 primum
1246 2045 1406 2086 haereo.
1441 2044 1534 2085 Non
1570 2045 1697 2090 enim,
1733 2047 1779 2083 ut

200 2115 361 2169 opinor,
405 2114 496 2164 hoc,
541 2115 653 2169 quod
694 2116 760 2156 hic
803 2115 1078 2171 significatur,
1123 2115 1283 2156 initium,
1327 2115 1476 2156 habere
1507 2114 1614 2155 solet
1648 2127 1776 2162 amor,

200 2184 272 2226 sed
299 2186 358 2226 sic
384 2185 559 2227 demum
589 2187 785 2227 omnibus
812 2187 899 2227 suis
927 2185 1130 2241 impletur
1157 2187 1356 2227 numeris.
1387 2187 1449 2226 An
1482 2186 1587 2235 „hoc
1607 2184 1779 2237 primum

199 2254 364 2298 foedere
390 2257 534 2298 iuncta
562 2257 652 2298 est’'
682 2256 892 2313 significat
919 2261 1040 2306 „tum
1067 2257 1234 2311 denique
1263 2271 1410 2298 verum
1440 2258 1593 2297 amoris
1621 2257 1778 2296 initum

247 2420 279 2459 l)
311 2419 531 2450 Levinsculum
564 2419 663 2450 videri
695 2419 792 2461 possit
822 2420 904 2461 quod
929 2420 966 2450 de
990 2419 1047 2450 hoc
1074 2419 1200 2450 Horatii
1224 2418 1360 2449 carmine
1386 2418 1525 2448 dicturus
1551 2417 1599 2448 1110
1624 2428 1700 2451 sum,
1726 2418 1776 2447 sed

200 2474 330 2505 fortasse
362 2474 429 2515 ipsa
462 2473 572 2505 levitas
603 2474 682 2505 illud
713 2475 921 2505 commendat.
948 2474 1069 2504 Vitium
1093 2474 1176 2504 enim
1200 2473 1398 2503 suavissimos
1422 2472 1493 2503 illos
1518 2475 1645 2513 occupat
1672 2482 1779 2502 versus

199 2529 282 2570 quod
312 2528 387 2566 leni,
420 2530 516 2560 immo
550 2529 600 2560 vix
627 2529 701 2566 nlla,
726 2529 918 2560 correctione
945 2529 1013 2559 tolli
1040 2529 1146 2570 possit,
1170 2539 1231 2569 quo
1255 2528 1335 2558 facto
1361 2527 1511 2569 pristinus
1535 2527 1667 2567 denique
1693 2527 1777 2557 nitor

198 2582 332 2614 carmini
358 2583 511 2615 redditur.
535 2585 665 2626 Semper
689 2583 792 2625 prima
817 2584 882 2614 eins
907 2583 1036 2624 stropha
1061 2583 1105 2613 sie
1129 2583 1250 2613 editur:

644 2638 726 2675 Albi,
752 2649 790 2669 ne
816 2639 920 2669 doleas
945 2638 1014 2680 plus
1039 2638 1170 2668 nimium
1197 2647 1316 2667 memor

645 2693 772 2724 Inmitis
796 2693 945 2735 Glycerae
970 2704 1028 2724 neu
1056 2692 1246 2723 miserabiles

646 2748 798 2779 Decantes
822 2748 934 2789 elegos,
957 2758 1013 2778 cur
1036 2746 1093 2778 tibi
1118 2746 1222 2777 iunior

690 2803 786 2833 Laesa
809 2803 984 2844 praeniteat
1010 2802 1078 2832 fide.

200 2857 244 2888 Ut
274 2867 312 2889 ne
340 2858 448 2888 doleas
478 2857 518 2888 sit
553 2858 619 2888 noli
648 2859 752 2889 dolere
782 2860 812 2888 et
843 2860 1005 2898 sequentes
1027 2857 1172 2898 strophae
1196 2866 1323 2897 prorsus
1348 2855 1384 2885 ab
1410 2855 1466 2885 ltac
1490 2854 1692 2885 divellantur.
1719 2855 1776 2885 Sed

198 2922 256 2954 pro
286 2911 355 2943 colo
386 2922 465 2953 pone
495 2912 678 2950 semicolon,
709 2923 747 2943 ne
776 2912 881 2943 doleas
904 2913 938 2942 fit
963 2911 1014 2941 ἵνα
1039 2910 1083 2949 μὴ
1108 2909 1196 2950 ἄχθῃ
1221 2913 1251 2940 et
1276 2912 1377 2940 totum
1402 2919 1526 2939 carmen
1552 2909 1594 2938 sic
1619 2909 1777 2940 decurrit:

201 2966 305 3005 umbi,
337 2977 376 2997 ne
406 2967 489 2998 iusto
522 2967 619 3008 magis
651 2970 782 3009 propter
814 2967 964 3007 Glycerae
988 2966 1091 2996 doleas
1116 2965 1276 3007 perfidiam
1300 2964 1370 3001 (hoe
1394 2963 1449 2994 tibi
1477 2963 1578 3001 dico)''
1604 2966 1777 3003 sequuntur

198 3019 339 3062 exempla
370 3020 557 3059 amantium,
586 3023 766 3063 spretorum
800 3020 837 3051 ab
869 3021 907 3051 iis
938 3020 991 3061 qui
1023 3023 1052 3050 et
1078 3020 1134 3061 ipsi
1160 3021 1350 3060 spernuntur
1375 3017 1411 3047 ab
1435 3018 1471 3047 iis
1496 3027 1572 3057 quos
1598 3022 1720 3053 amant;
1747 3021 1777 3048 et

198 3074 242 3106 sie
270 3085 395 3106 carmen
426 3075 602 3107 clauditur:
642 3076 704 3107 „sic
735 3075 842 3106 ludere
873 3085 964 3106 saeva
996 3074 1098 3105 Venus
1131 3073 1229 3109 solet3
1262 3073 1325 3114 ipse
1356 3082 1478 3112 quoque
1505 3071 1591 3101 illam
1617 3071 1683 3102 eius
1709 3082 1776 3102 sum

198 3132 344 3172 expertus
367 3130 586 3161 crudelitatem
608 3132 649 3170 (et
669 3133 774 3161 tamen
795 3141 856 3161 non
879 3130 1051 3171 despondeo
1072 3129 1221 3165 animum,
1242 3138 1315 3168 ergo
1336 3137 1383 3157 me
1405 3127 1520 3168 respice
1543 3130 1571 3156 et
1598 3125 1681 3165 erige
1704 3125 1778 3164 te).'’
