2320 3828
1405 364 1431 405 2

626 492 792 548 qualem
827 489 1060 546 postularet
1093 487 1300 530 librorum
1336 486 1384 528 de
1419 489 1507 528 arte
1540 487 1704 541 poetica
1736 489 1863 542 caput
1894 501 1942 529 eo
1970 489 2207 543 pertinens;

625 577 805 618 cumque
843 565 989 617 poetae
1023 559 1204 600 Romani
1238 557 1406 599 nullum
1439 556 1573 598 alium
1607 570 1794 599 amorem
1827 561 1976 600 notum
2008 558 2212 601 haberent

625 649 750 689 quam
793 647 891 674 eum
937 645 1061 687 quem
1104 643 1213 671 nova
1256 627 1518 670 Graecorum
1557 627 1774 669 comoedia
1804 629 1849 670 in
1882 643 2050 671 scenam
2081 631 2211 671 intro-

625 705 827 753 duxisset,
861 703 953 745 ideo
986 700 1207 743 Tibullum
1234 699 1432 741 laudibus
1459 698 1546 740 illis
1575 700 1690 740 vitae
1715 698 1935 754 simplicis,
1966 699 2103 755 qualis
2128 700 2212 742 fuit

623 776 847 816 hominum
891 774 964 828 qui
1006 771 1188 814 Saturno
1230 773 1434 826 regnante
1476 771 1689 820 vixerunt,
1732 770 1941 812 addidisse
1980 770 2211 813 versiculos

623 847 777 901 quibus
810 845 931 886 nobis
964 847 1060 885 ante
1095 842 1236 885 oculos
1270 843 1445 897 ponitur
1477 840 1817 883 adolescentulus
1850 840 2005 897 aliquis
2037 841 2211 884 Menan-

623 917 759 967 dwus,
794 930 919 972 quem
954 913 1232 956 mulierculae
1263 913 1506 954 levissimae
1539 926 1657 954 amor
1688 913 1816 954 variis
1848 912 1987 954 modis
2016 917 2143 955 vexat
2170 916 2211 954 et

623 988 672 1029 nd
707 1001 829 1030 omne
862 989 1165 1028 nocturnorum
1194 983 1380 1039 impellit
1408 997 1543 1039 genus
1571 982 1844 1038 proeliorum.
1879 982 1961 1025 Sed
1989 983 2084 1026 nolo
2111 998 2209 1025 cum

623 1059 745 1101 docto
788 1057 863 1099 illo
907 1056 1092 1099 Hercule
1124 1057 1230 1097 inire
1265 1059 1500 1105 certamem
1537 1055 1672 1096 sentio
1705 1055 1818 1095 enim
1851 1068 1980 1109 quam
2012 1054 2210 1096 infirmus

622 1144 742 1171 meus
774 1131 829 1170 sit
861 1127 1021 1184 clipeus
1054 1131 1095 1169 et
1126 1140 1252 1182 quam
1281 1127 1421 1168 brevis
1444 1124 1628 1181 gladius.
1658 1124 1972 1168 Tantummodo
1999 1126 2210 1168 submissa

622 1215 720 1243 voce
753 1200 986 1256 plenusque
1018 1198 1185 1240 timoris
1219 1200 1261 1239 01
1294 1197 1572 1238 dubitationis
1605 1197 1711 1238 hanc
1744 1198 1972 1252 pronuntio
2004 1198 2211 1239 coniectu-

620 1284 730 1313 ram:
760 1285 847 1312 esse
876 1269 1079 1325 quasdam
1107 1283 1171 1310 res
1199 1282 1302 1323 quas
1331 1269 1464 1309 satius
1491 1269 1548 1309 sit
1574 1268 1746 1309 omnino
1773 1282 1856 1310 non
1883 1271 2058 1323 tangere
2081 1282 2208 1324 quam

619 1344 746 1383 nimis
788 1340 922 1383 solida
964 1340 1280 1396 ponderosaque
1323 1339 1498 1380 obruere
1541 1342 1667 1394 atque
1707 1342 1971 1394 prosternere
2004 1339 2207 1382 doctrina.

620 1414 744 1455 Esto:
779 1413 959 1469 Iacobyo
992 1412 1131 1454 iudice
1161 1425 1181 1452 e
1208 1412 1347 1466 prima
1373 1409 1533 1452 Tibulli
1563 1409 1700 1465 elegia
1727 1409 1823 1452 luce
1851 1410 2005 1452 clarius
2034 1414 2208 1466 apparet

620 1484 721 1539 quid
749 1488 857 1526 esset
884 1497 1030 1525 canere
1058 1496 1246 1524 amorem
1276 1495 1413 1536 neque
1442 1482 1615 1523 scivisse
1632 1480 1854 1523 Tibullum
1873 1495 2010 1537 neque
2027 1496 2206 1524 curasse.

618 1556 753 1597 Suum
788 1569 990 1604 amorem,
1024 1567 1123 1595 uam
1156 1555 1317 1595 mirum
1350 1552 1511 1608 aliquid
1544 1555 1585 1594 et
1617 1551 1789 1594 Tibullo
1822 1554 1964 1595 evenit
1992 1556 2035 1594 et
2061 1567 2208 1595 severo

619 1628 690 1681 qui
718 1640 816 1668 eum
845 1625 1143 1667 condemnavit
1170 1623 1302 1666 iudici
1321 1655 1330 1665 .
1352 1655 1360 1665 .
1383 1655 1390 1665 .
1413 1623 1539 1665 .fecit
1567 1624 1680 1665 enim
1709 1626 1769 1675 (et
1792 1625 1892 1679 quin
1911 1624 2057 1665 fecerit
2074 1638 2209 1680 neque

618 1711 696 1753 ego
715 1697 861 1738 dubito
876 1710 1011 1752 neque
1027 1696 1194 1737 dubitat
1208 1694 1432 1750 Iacobyus>
1446 1693 1644 1736 Tibullus
1659 1695 1844 1750 quinque
1862 1694 2067 1751 elegiolas
2082 1694 2208 1751 paulo

617 1768 714 1823 plus
742 1772 911 1810 centum
941 1768 1206 1809 continentes
1233 1780 1394 1816 versus,
1421 1765 1492 1807 sed
1518 1767 1562 1807 in
1589 1767 1742 1821 quibus
1769 1767 1912 1808 omnia
1937 1767 2085 1808 insunt
2102 1781 2208 1822 quae

615 1841 659 1881 in
692 1843 780 1881 arte
813 1839 998 1895 elegiaca
1030 1837 1253 1893 splendent
1282 1839 1513 1892 nitentque.
1546 1836 1668 1879 Nihil
1700 1851 1889 1893 unquam
1922 1838 2035 1893 apud
2066 1837 2207 1880 ullum

616 1913 832 1952 cantatum
876 1914 939 1952 est
979 1908 1186 1965 populum
1232 1908 1342 1964 quod
1383 1907 1472 1949 illis
1503 1911 1710 1963 praestet:
1752 1913 1840 1950 tam
1875 1909 2045 1963 penitus
2078 1910 2205 1951 sentit

616 1986 737 2037 poeta
768 1983 904 2036 ipsam
938 1994 1026 2022 rem
1060 1980 1111 2022 de
1144 1994 1225 2036 qua
1258 1981 1416 2035 agitur,
1450 1983 1616 2021 tantam
1647 1981 1691 2021 in
1719 1983 1922 2035 promptu
1950 1979 2078 2022 habet
2105 1979 2207 2035 lepi-

616 2052 888 2093 dissimorum
930 2052 1093 2106 copiam
1125 2055 1473 2093 ornamentorum
1506 2051 1661 2106 quibus
1694 2065 1787 2093 eam
1817 2050 2060 2107 legentibus
2094 2065 2206 2093 com-

618 2122 801 2164 mendet.
836 2122 1031 2172 Heinius,
1065 2122 1140 2163 ubi
1172 2123 1216 2163 in
1250 2121 1433 2164 editione
1467 2135 1542 2163 sua
1574 2121 1625 2163 ad
1659 2135 1726 2163 eas
1754 2123 1961 2177 pervenit,
1991 2123 2205 2164 continere

616 2207 657 2234 se
701 2207 781 2234 non
827 2196 963 2248 potest
1004 2194 1106 2248 quin
1149 2192 1357 2234 exclamet
1402 2207 1593 2234 sermone
1634 2192 1710 2234 1110
1753 2192 2086 2248 elegantissimo,
2120 2207 2204 2249 quo

616 2268 715 2305 tunc
749 2265 832 2306 viri
866 2263 976 2306 docti
1008 2263 1120 2319 apud
1153 2262 1388 2306 Germanos
1421 2265 1487 2305 uti
1520 2267 1561 2306 et
1593 2267 1787 2319 poterant
1820 2268 1861 2305 et
1894 2263 2108 2306 solebant:

678 2339 943 2390 „sequuntur
973 2336 1160 2376 carmina
1191 2335 1243 2376 ad
1275 2349 1420 2376 meum
1455 2348 1626 2376 sensum
1659 2333 1949 2377 mellitissima
1981 2339 2023 2377 et
2055 2349 2204 2377 venus·

615 2407 780 2446 tissima
813 2419 863 2446 ex
896 2409 986 2447 tota
1018 2406 1272 2460 antiquitate
1304 2405 1525 2447 Romana”
1559 2419 1593 2447 e.
1612 2420 1650 2461 q.
1671 2420 1703 2447 s.

615 2490 747 2531 nequo
781 2478 922 2517 minus
954 2479 1018 2518 est
1049 2476 1327 2518 honorificum
1362 2478 1658 2519 testimonium
1692 2476 1802 2530 quod
1829 2478 1882 2518 iis
1910 2490 2100 2519 sermone
2127 2491 2202 2518 suo

615 2548 750 2601 patrio
799 2546 869 2587 dat
912 2546 1204 2598 Baehrensius,
1249 2548 1322 2602 qui
1363 2548 1474 2589 inter
1516 2562 1598 2598 eos,
1643 2549 1716 2603 qui
1759 2547 1957 2604 elegiacis
1998 2547 2202 2589 Romanis

615 2632 784 2672 operam
828 2617 1045 2667 dederunt,
1091 2632 1257 2673 semper
1300 2619 1556 2674 primarium
1601 2619 1762 2660 tenebit
1803 2618 1970 2660 locum:
2005 2620 2200 2675 quamvis

614 2690 726 2729 enim
760 2687 899 2730 multa
930 2688 1156 2744 protulerit
1187 2703 1293 2744 quae
1325 2690 1486 2731 nemini
1521 2688 1769 2731 mortalium
1801 2691 1965 2745 possint
1995 2689 2160 2746 placere

915 2766 1125 2801 πολλοῖσιν
1159 2760 1311 2807 ἐσθλοῖς
1345 2760 1448 2802 τόνδ’
1482 2761 1707 2802 ἀπωθεῖται
1741 2760 1886 2811 ψόγον.

614 2828 728 2871 11000
761 2831 874 2871 0111111
909 2832 998 2872 eius
1028 2835 1127 2872 sunt
1155 2831 1306 2872 verba:
1338 2845 1408 2881 „es
1436 2846 1553 2873 muss
1581 2833 1647 2873 ein
1676 2831 1850 2873 Dichter
1877 2835 2014 2873 ersten
2032 2831 2200 2886 Ranges

615 2913 805 2953 gewesen
850 2902 952 2951 sein,
997 2901 1069 2942 der
1111 2901 1223 2943 diese
1265 2902 1557 2954 ammuthisssten
1599 2902 1743 2943 Perlen
1788 2902 2019 2944 romischer
2051 2902 2200 2943 Poesie

614 2984 691 3010 uns
724 2970 920 3026 geliefert
953 2972 1070 3013 hat'’.

675 3042 813 3096 Atque
858 3041 1062 3098 elegiolae
1104 3041 1214 3093 illae,
1258 3057 1364 3098 quae
1406 3058 1502 3085 suos
1545 3044 1626 3085 sibi
1661 3043 1877 3085 habebunt
1909 3042 2197 3094 admiratores,

614 3112 815 3166 quamdiu
848 3115 890 3153 in
925 3114 1080 3155 honore
1108 3112 1256 3156 literae
1285 3118 1423 3165 erunt,
1452 3114 1656 3171 elegiolae
1685 3116 1726 3155 in
1756 3115 1911 3169 quibus
1938 3113 2051 3156 haud
2078 3113 2198 3155 facile
