2320 3828
218 734 288 785 IV,
322 734 348 776 3

400 805 528 847 Parce
562 820 654 847 meo
685 807 846 857 iuveni,
881 821 952 848 seu
986 810 1078 862 quis·
1114 809 1216 850 bona
1251 824 1401 864 pascua
1433 814 1571 867 campi

457 875 539 918 Seu
573 875 675 917 colis
709 877 896 919 umbrosi
930 877 1052 919 devia
1085 881 1240 921 montis
1271 894 1382 935 aper,

395 946 480 988 Nec
513 947 591 988 nbi
622 948 679 988 sit
711 947 836 989 duros
864 949 1025 989 acuisse
1055 950 1097 990 in
1131 950 1286 1004 praelia
1320 951 1478 1000 dentes,

455 1016 717 1059 Incolumem
747 1023 887 1060 custos
919 1019 1030 1060 hunc
1062 1020 1168 1060 mihi
1202 1026 1340 1062 servet
1373 1022 1514 1063 Amor.

396 1089 506 1130 Nam
530 1088 558 1140 ¹)
590 1089 737 1144 procul
768 1090 940 1131 abducit
974 1091 1153 1132 venandi
1186 1091 1305 1133 Delia
1338 1107 1459 1134 cura:

455 1160 488 1202 O
522 1165 695 1215 pereant
726 1159 858 1202 silvae
891 1160 1166 1216 deficiantque
1199 1161 1341 1203 canes!

393 1231 495 1283 Quis
527 1231 644 1272 furor
675 1237 750 1281 est,
785 1245 892 1285 quae
925 1245 1056 1279 mens,
1090 1231 1238 1273 densos
1270 1232 1468 1288 indagine
1501 1234 1624 1275 colles

453 1300 733 1344 Claudentem
767 1307 929 1343 teneras
963 1302 1125 1343 laedere
1159 1302 1268 1344 velle
1302 1302 1476 1344 manus?

393 1372 556 1424 Quidve
587 1374 709 1415 iuvat
741 1373 892 1413 furtim
925 1372 1105 1414 latebras
1136 1374 1292 1414 intrare
1326 1374 1509 1415 ferarum

453 1441 724 1498 Candidaque
757 1443 939 1484 hamatis
972 1457 1092 1484 crura
1123 1449 1264 1485 notare
1299 1442 1441 1485 rubis?

392 1513 474 1555 Sed
506 1519 661 1562 tamen,
696 1517 744 1555 ut
777 1517 917 1555 tecum
950 1513 1087 1564 liceat,
1123 1512 1335 1562 Cerinthe,
1370 1517 1528 1570 vagari,

450 1584 546 1640 Ipsa
575 1599 652 1640 ego
685 1599 759 1640 per
790 1590 953 1626 montes
984 1587 1091 1626 retia
1124 1590 1232 1626 torta
1262 1585 1408 1636 feram,

390 1655 486 1710 Ipsa
517 1670 596 1711 ego
630 1655 786 1697 velocis
820 1669 1018 1710 quaeram
1046 1657 1228 1711 vestigia
1261 1658 1373 1697 cervi

450 1726 506 1767 Et
538 1727 705 1768 demam
739 1726 864 1768 celeri
898 1726 1029 1768 ferrea
1063 1725 1203 1767 vincla
1235 1728 1340 1767 cani.

390 1797 507 1839 Tunc
539 1798 661 1847 mihi,
695 1802 796 1839 tunc
825 1797 1016 1852 placeant
1047 1797 1192 1846 silvae,
1226 1798 1274 1846 si,
1307 1796 1382 1837 lux
1415 1811 1521 1848 mea,
1557 1802 1692 1838 tecum

450 1869 617 1923 Arguar
650 1873 745 1910 ante
777 1870 889 1922 ipsas
922 1868 1193 1909 concubuisse
1227 1866 1394 1922 plagas:

387 1938 505 1980 Tunc
540 1941 682 1980 veniat
713 1938 811 1980 licet
842 1938 892 1980 ad
925 1952 1070 1987 casses,
1103 1937 1274 1979 illaesus
1308 1939 1452 1987 abibit,

446 2009 509 2051 Ne
543 2009 714 2051 Veneris
746 2009 922 2064 cupidae
954 2009 1110 2064 gaudia
1143 2009 1295 2057 turbet,
1329 2022 1438 2063 aper.

386 2079 508 2121 Nunc
541 2081 630 2121 sine
662 2094 730 2121 me
763 2082 818 2121 sit
850 2078 966 2120 nulla
1000 2078 1152 2127 Venus,
1187 2078 1257 2119 sed
1289 2077 1382 2133 lege
1417 2077 1586 2128 Dianae,

446 2148 570 2193 Caste
602 2164 718 2205 puer,
752 2154 863 2191 casta
897 2151 1001 2191 retia
1032 2149 1154 2190 tende
1175 2147 1206 2199 ²)
1240 2163 1369 2189 manu

383 2221 438 2263 Et
471 2235 745 2276 quaecunque
779 2235 873 2262 meo
906 2221 1055 2261 furtim
1089 2220 1278 2274 subrepit
1308 2220 1439 2261 amori

444 2292 608 2334 Incidat
639 2294 682 2333 in
715 2305 859 2333 saevas
891 2290 1124 2346 diripienda
1156 2290 1276 2331 feras.

384 2363 440 2405 At
471 2366 519 2404 tu
553 2363 732 2404 venandi
766 2362 956 2404 studium
988 2360 1165 2403 concede
1199 2361 1374 2416 parenti,

443 2433 498 2475 Et
528 2433 636 2475 celer
666 2435 709 2474 in
744 2436 908 2475 nostros
940 2434 1029 2487 ipse
1062 2445 1226 2473 recurre
1258 2432 1387 2472 sinus.

245 3064 275 3103 l)
299 3063 350 3094 Sic
373 3073 429 3103 ego
454 3071 511 3103 pro
532 3061 586 3093 sed
610 3071 639 3092 v.
663 3071 694 3101 p.
720 3060 771 3090 11.

243 3119 275 3157 2)
297 3118 390 3149 tende
413 3127 483 3148 cum
508 3117 535 3147 G
549 3141 557 3154 ,
580 3115 676 3146 ceteri
703 3118 806 3155 tanqe.
