2320 3828
506 690 576 741 IV,
611 691 637 731 4
686 691 783 732 Huc
815 691 913 733 ades
945 694 986 733 et
1020 695 1189 734 tenerae
1223 693 1390 735 morbos
1422 692 1587 748 expelle
1620 693 1787 749 puellae

749 761 846 803 Huc
879 762 990 813 ades,
1023 764 1192 805 intonsa
1223 764 1393 806 Phoebe
1426 764 1603 820 superbe
1636 779 1769 806 coma.

688 831 821 875 Crede
855 833 977 884 mibi,
1011 848 1210 889 propera:
1244 850 1319 877 nec
1353 840 1393 877 te
1424 837 1526 885 iam,
1562 835 1744 887 Phoebe,
1780 836 1944 891 pigebit

750 903 975 946 Formosae
1008 905 1194 947 medicas
1227 905 1480 962 applicuisse
1514 920 1680 948 manus.

687 973 815 1015 Effice
848 989 899 1016 ne
929 977 1084 1017 macies
1117 976 1326 1031 pallentes
1360 982 1537 1031 occupet
1570 982 1688 1018 artus

749 1044 841 1086 Neu
875 1050 992 1087 notet
1023 1047 1220 1089 informis
1253 1048 1430 1090 candida
1462 1049 1654 1090 membra
1688 1047 1827 1098 color;

689 1115 742 1156 Et
776 1116 1058 1172 quodcunque
1092 1117 1195 1160 mali
1228 1124 1291 1160 est
1323 1124 1364 1160 et
1398 1119 1605 1174 quidquid
1641 1120 1761 1161 triste
1794 1121 2016 1171 timemus,

749 1187 798 1228 In
832 1187 1010 1244 pelagus
1043 1190 1200 1244 rapidis
1233 1189 1414 1231 devehat
1438 1190 1467 1241 ¹)
1500 1192 1637 1232 amnis
1669 1191 1802 1245 aquis.

691 1257 855 1308 Sancte,
890 1261 1001 1310 veni,
1038 1267 1262 1315 tecumque
1295 1261 1417 1311 feras,
1451 1262 1693 1316 quicunque
1726 1274 1906 1316 sapores,

753 1328 1002 1385 Quicunque
1035 1336 1076 1372 et
1109 1337 1257 1373 cantus
1289 1346 1461 1387 corpora
1494 1332 1602 1373 fessa
1635 1331 1800 1383 levant;

693 1399 788 1441 Neu
820 1402 1021 1443 iuvenem
1055 1406 1216 1457 torque,
1251 1404 1408 1444 metuit
1441 1405 1514 1458 qui
1547 1403 1632 1444 fata
1665 1401 1831 1458 puellae

755 1470 945 1527 Votaque
979 1487 1054 1528 pro
1089 1473 1260 1515 domina
1292 1475 1365 1515 vix
1399 1473 1661 1515 numeranda
1693 1473 1808 1515 facit.

694 1540 915 1584 Interdum
950 1548 1090 1595 vovet,
1122 1544 1351 1594 interdum,
1386 1544 1497 1600 quod
1528 1544 1732 1600 langueat
1764 1543 1855 1594 illa,

757 1613 871 1655 Dicit
901 1616 943 1655 iu
978 1621 1169 1657 aeternos
1201 1630 1347 1671 aspera
1378 1617 1504 1657 verba
1537 1615 1650 1657 deos.

696 1684 825 1731 Pone,
861 1690 1027 1727 metum
1062 1685 1284 1729 Cerinthe:
1321 1686 1423 1728 deus
1456 1701 1540 1728 non
1572 1685 1704 1727 laedit
1734 1690 1939 1728 amantes.

757 1754 820 1797 Tu
853 1757 978 1798 modo
1012 1771 1178 1812 semper
1209 1772 1317 1807 ama,
1351 1757 1468 1799 salva
1500 1756 1641 1813 puella
1674 1757 1752 1798 tibi
1784 1762 1860 1799 est.

696 1826 769 1867 Nil
804 1842 909 1883 opus
942 1833 1004 1870 est
1037 1828 1163 1870 fletu:
1198 1828 1388 1870 lacrimis
1421 1830 1502 1870 erit
1534 1829 1676 1883 aptius
1709 1829 1788 1877 uti,

758 1898 803 1938 Si
836 1899 1002 1953 quando
1035 1899 1165 1941 suerit
1199 1901 1363 1941 tristior
1394 1898 1468 1941 illa
1500 1899 1592 1941 tibi.

700 1968 757 2008 At
788 1983 899 2011 nunc
932 1974 1018 2011 tota
1051 1974 1124 2012 tua
1156 1975 1232 2020 est,
1268 1975 1309 2012 te
1343 1969 1480 2011 solum
1513 1969 1689 2011 candida
1722 1983 1867 2011 secum

761 2038 946 2095 Cogitat,
981 2046 1022 2082 et
1054 2041 1212 2083 frustra
1245 2040 1416 2083 credula
1449 2043 1574 2082 turba
1607 2040 1724 2082 sedet
1744 2039 1792 2092 2).

699 2109 881 2160 Phoebe,
916 2112 1032 2153 fave:
1067 2112 1160 2154 laus
1194 2126 1350 2168 magna
1382 2113 1460 2153 tibi
1492 2113 1705 2154 tribuetur
1737 2113 1779 2153 in
1815 2126 1900 2153 uno

760 2179 941 2236 Corpore
974 2188 1142 2225 servato
1175 2185 1413 2225 restituisse
1446 2183 1566 2224 duos.

701 2251 788 2293 Iam
825 2252 997 2304 celeber,
1029 2256 1116 2295 iam
1150 2268 1334 2310 magnus
1353 2252 1385 2306 3)
1418 2255 1514 2305 eris,
1549 2268 1647 2296 cum
1681 2254 1822 2296 debita
1854 2253 2002 2296 reddet

762 2321 970 2366 Certatim
1004 2327 1160 2367 sanctis
1189 2324 1328 2366 laetus
1362 2329 1540 2380 uterque
1573 2324 1691 2366 focis.

702 2392 814 2435 Tum
846 2399 887 2436 te
918 2395 1084 2437 felicem
1117 2396 1227 2438 dicet
1258 2398 1328 2451 pia
1361 2396 1486 2437 turba
1518 2395 1709 2445 deorum,

763 2465 982 2522 Optabunt
1014 2471 1125 2510 artes
1157 2472 1200 2510 et
1232 2468 1312 2509 sibi
1343 2468 1521 2523 quisque
1555 2471 1665 2509 tuas.

574 2990 604 3028 1)
629 2989 771 3021 Devehat
795 3000 823 3021 v.
849 3000 880 3031 p.
907 2990 963 3021 13.

572 3044 604 3081 2)
632 3046 674 3074 De
699 3044 812 3075 horum
836 3044 1004 3076 verborum
1028 3055 1118 3075 sensu
1145 3055 1172 3075 v.
1197 3054 1226 3086 p.
1256 3045 1307 3075 14.

575 3100 605 3138 3)
630 3109 657 3129 v.
685 3110 714 3139 p.
740 3100 781 3129 14
795 3110 839 3139 sq.
