2320 3828
1325 367 1381 410 34

738 492 802 534 Sit
837 492 915 533 tibi
949 505 1050 533 cura
1083 494 1206 546 togae
1239 490 1377 545 potior
1408 502 1687 545 pressumque
1721 489 1900 546 quasillo

797 562 994 604 Scortum
1028 575 1155 616 quam
1189 559 1311 602 Servi
1345 559 1432 602 filia
1463 559 1666 616 Sulpicia.

617 635 699 676 Hic
742 634 939 689 equidem
982 631 1145 674 nullam
1179 631 1300 673 video
1334 644 1506 672 causam
1541 631 1689 686 quidni
1721 631 1893 685 Sulpicii
1926 631 2145 689 legamus:

555 707 682 761 probe
714 707 806 760 ipsa
838 703 1080 759 intelligere
1112 704 1256 758 potuit
1286 707 1442 757 quanto
1469 701 1577 744 illud
1605 706 1715 745 esset
1742 705 1883 758 aptius
1911 705 2148 746 venustius-

554 792 647 833 que.
682 776 761 818 Sed
796 775 932 817 multo
965 776 1140 831 gravius
1174 776 1218 815 in
1252 774 1366 815 hisce
1400 772 1623 815 versiculis
1652 788 1868 816 remanere
1895 774 2062 817 debebit
2089 776 2148 817 vi-

555 850 665 889 tium
708 846 818 902 quod
863 860 941 901 ego
986 845 1134 888 tollere
1177 859 1252 887 nec
1294 859 1468 901 possum
1511 859 1586 886 nec
1630 844 1751 887 volo:
1797 847 1889 901 ipsa
1931 847 2046 888 enim
2088 847 2147 888 sic

554 920 723 974 scripsit
767 917 955 973 Sulpicia
988 932 1171 970 pressum
1213 916 1388 972 quasillo
1430 920 1610 967 scortum,
1656 916 1767 971 quod
1810 916 2040 959 admodum
2084 921 2147 959 est

553 989 796 1032 ridiculum.
840 987 1022 1041 Quasilli
1064 989 1178 1030 enim
1221 1001 1327 1043 quae
1373 987 1500 1029 fuerit
1545 988 1680 1029 forma
1712 1001 1847 1043 neque
1880 989 1981 1030 novi
2011 1002 2146 1044 neque

553 1075 674 1111 ‹:u1·o,·
711 1062 816 1102 scire
850 1061 952 1101 satis
986 1062 1048 1100 est
1082 1059 1198 1099 lanae
1230 1058 1507 1101 continendae
1542 1059 1673 1100 fuisse
1706 1058 1989 1110 destinatum;
2028 1075 2145 1100 manu

552 1146 652 1188 ergo
691 1131 924 1181 tenebatur,
964 1129 1324 1185 quemadmodum
1362 1134 1423 1171 est
1461 1131 1507 1171 in
1547 1144 1672 1172 versu
1708 1130 1933 1185 Propertii,
1976 1131 2050 1172 ubi
2095 1145 2145 1172 ex

551 1203 729 1259 palmari
764 1203 1000 1244 Burmanni
1033 1201 1326 1243 emendatione
1359 1201 1436 1243 hoc
1469 1201 1519 1243 de
1552 1215 1595 1243 se
1627 1206 1769 1243 narrat
1795 1201 2022 1244 Hercules:

793 1273 848 1314 Et
882 1273 1079 1314 manibus
1113 1272 1230 1314 duris
1262 1276 1360 1327 apta
1393 1271 1574 1327 quasilla
1608 1271 1691 1313 tuli

551 1351 599 1387 ut
633 1346 733 1386 satis
767 1345 823 1385 sit
855 1343 1087 1385 absurdum
1120 1344 1202 1385 sibi
1234 1342 1393 1399 fingere
1427 1342 1654 1384 mulierem
1689 1342 1921 1398 quasillum
1955 1343 2145 1385 humeris

552 1415 617 1457 vel
651 1416 786 1471 capite
818 1419 1073 1470 portantem.
1106 1414 1267 1469 Neque,
1303 1418 1350 1455 ut
1384 1415 1546 1468 opinor,
1580 1415 1661 1455 sibi
1692 1413 1814 1455 finxit
1841 1413 2043 1469 Sulpicia,
2072 1414 2144 1456 sed

551 1486 913 1543 quemadmodum
947 1485 1060 1541 apud
1093 1484 1297 1527 Ovidium
1331 1484 1515 1541 legitur:

731 1556 952 1600 Cantantis
985 1558 1143 1612 pariter
1175 1557 1334 1612 pariter
1367 1556 1464 1598 data
1496 1570 1625 1612 pensa
1657 1556 1862 1598 trahentis

790 1627 974 1670 Fallitur
1006 1627 1183 1669 ancillae
1216 1627 1509 1683 decipiturque
1544 1627 1656 1668 labor

549 1703 609 1742 ita
626 1700 699 1742 illa
716 1701 783 1742 hic
804 1700 986 1753 depenso
1005 1698 1354 1754 cogitaxritqravz’,
1378 1704 1425 1740 ut
1443 1703 1505 1740 est
1523 1698 1636 1754 apud
1654 1698 1835 1740 eundem
1855 1699 2142 1754 Propertium:

791 1771 845 1812 Et
878 1772 1079 1826 graviora
1111 1769 1306 1825 rependit
1337 1771 1497 1824 iniquis
1530 1783 1658 1825 pensa
1692 1769 1886 1824 quasillis

549 1842 801 1897 volebatque
829 1841 986 1883 durum
1010 1856 1245 1896 ιφναυεηπμιε
1272 1840 1449 1882 ancillae
1476 1840 1713 1896 significare
1742 1841 1922 1891 laborem,
1952 1840 2023 1882 sed
2042 1855 2142 1882 eum

546 1916 607 1955 ita
640 1913 896 1969 significavit
931 1917 978 1954 ut
1010 1912 1254 1969 legentibus
1286 1926 1368 1954 non
1403 1917 1543 1967 posset
1575 1926 1657 1953 non
1692 1926 1863 1954 movere
1897 1913 2046 1953 risum.

607 1985 689 2027 Sed
730 1984 894 2026 solatur
936 1998 979 2026 se
1013 1999 1060 2026 eo
1093 1983 1244 2026 solatio
1278 1997 1361 2038 quo
1396 1984 1461 2024 uti
1494 1982 1630 2025 solent
1663 1982 1864 2025 mulieres
1899 1983 1949 2025 de
1983 1986 2142 2025 amato-

546 2058 663 2098 ribus
690 2056 860 2111 perfidis
889 2069 1067 2111 poenam
1096 2069 1263 2097 sumere
1292 2056 1524 2110 cupientes.
1553 2053 1770 2096 Ultimum
1796 2055 1909 2096 enim
1928 2054 2137 2096 distichon

547 2129 605 2169 sic
637 2129 680 2168 in
716 2126 948 2182 „optimis”
984 2125 1146 2182 legitur
1178 2125 1412 2167 codicibus:

728 2197 914 2240 Solliciti
948 2203 1048 2239 sunt
1081 2212 1155 2252 pro
1190 2197 1308 2239 nobis
1343 2196 1497 2252 quibus
1529 2195 1603 2238 illa
1638 2195 1773 2238 dolori
1806 2200 1869 2238 est

789 2269 850 2311 Ne
884 2269 1051 2311 credam
1085 2270 1233 2324 ignoto
1268 2269 1458 2310 maxima
1490 2281 1614 2309 causa
1647 2271 1751 2309 toro.

546 2341 628 2382 Hic
670 2342 967 2396 importunum
1002 2340 1118 2382 istud
1153 2341 1310 2381 credam
1342 2343 1454 2382 certa
1487 2339 1780 2381 emendatione
1812 2339 1942 2379 cedam
1975 2339 2140 2380 sanavit

544 2411 720 2453 Statius.
755 2411 903 2453 Restat
936 2411 1065 2452 dolori
1097 2416 1154 2452 est
1181 2411 1291 2466 quod
1319 2410 1483 2453 nullam
1514 2410 1704 2452 admittit
1730 2411 2138 2465 interpretationem.

546 2482 626 2523 Sed
661 2486 827 2537 recepta
860 2482 1076 2524 lenissima
1103 2482 1268 2538 Rigleri
1298 2483 1539 2523 coniectura
1566 2481 1695 2522 dolori
1722 2484 1864 2522 totum
1892 2483 2140 2536 persanatur

546 2553 769 2595 distichon.
807 2553 897 2595 Hoc
930 2555 1044 2594 enim
1078 2553 1175 2594 vult
1207 2552 1422 2608 Sulpicia:
1461 2551 1661 2602 „solliciti
1695 2556 1794 2593 sunt
1826 2566 1901 2607 pro
1934 2552 2054 2593 nobis
2087 2565 2138 2593 ne

544 2625 691 2678 ignoto
725 2624 869 2666 cedam
905 2629 996 2666 toro
1029 2626 1060 2665 ii
1094 2625 1249 2679 quibus
1282 2623 1356 2665 illa
1390 2628 1454 2666 est
1488 2624 1677 2664 maxima
1710 2622 1867 2664 doloris
1901 2621 2054 2664 causa''
2089 2625 2139 2663 ut

546 2696 792 2749 pronomine
837 2695 913 2735 illa
955 2693 1149 2736 Oerinthi
1192 2694 1458 2750 significetur
1489 2693 1676 2749 perfidia.
1721 2693 1804 2735 Hic
1838 2707 2004 2748 quoque
2038 2706 2138 2748 prae

543 2766 760 2806 iracundia
805 2766 884 2806 sibi
927 2767 1018 2821 ipsa
1060 2767 1270 2820 imperare
1313 2766 1447 2807 nescit
1480 2764 1691 2820 Sulpicia;
1727 2779 1811 2806 non
1843 2763 2035 2819 loquitur
2067 2763 2137 2805 sed

545 2836 741 2877 balbutit.
777 2837 833 2877 At
865 2837 966 2891 quid
1001 2837 1083 2878 sibi
1117 2836 1222 2878 velit
1257 2838 1436 2878 minime
1471 2841 1533 2878 est
1561 2836 1811 2886 obscurum;
1841 2836 1993 2876 tritum
2021 2833 2137 2876 istud

545 2913 586 2948 et
619 2907 924 2963 pervulgatum
959 2906 1163 2949 Cerintho
1197 2909 1388 2949 minatur

727 2979 853 3020 Mene
887 2993 986 3034 ergo
1020 2978 1134 3020 haud
1168 2980 1233 3020 vis
1266 2976 1448 3020 habere?

789 3050 964 3091 Benest:
999 3054 1041 3091 et
1074 3053 1175 3090 sunt
1209 3049 1283 3091 alii

545 3119 904 3175 quemadmodum
939 3135 1007 3162 me
1039 3135 1169 3175 puero
1203 3120 1379 3163 ancillae
1413 3122 1580 3162 nostrae
1612 3123 1779 3161 cantare
1811 3118 2014 3161 solebant.
