<?xml version="1.0" encoding="UTF-8"?>
<!DOCTYPE html PUBLIC "-//W3C//DTD XHTML 1.0 Transitional//EN"
    "http://www.w3.org/TR/xhtml1/DTD/xhtml1-transitional.dtd">
<html xmlns="http://www.w3.org/1999/xhtml" xml:lang="en" lang="en">
 <head>
  <title>
</title>
<meta http-equiv="Content-Type" content="text/html;charset=utf-8" />
  <meta name='ocr-system' content='tesseract 3.04.00' />
  <meta name='ocr-capabilities' content='ocr_page ocr_carea ocr_par ocr_line ocrx_word'/>
</head>
<body>
  <div class='ocr_page' id='page_1' title='image "./flosdelibatusele00tibuuoft/flosdelibatusele00tibuuoft_0026.png"; bbox 0 0 2320 3828; ppageno 0'>
   <div class='ocr_carea' id='block_1_1' title="bbox 1306 354 1360 395">
    <p class='ocr_par' dir='ltr' id='par_1_1' title="bbox 1306 354 1360 395">
     <span class='ocr_line' id='line_1_1' title="bbox 1306 354 1360 395; baseline -0.019 0"><span class='ocrx_word' id='word_1_1' title='bbox 1306 354 1360 395; x_wconf 86' lang='lat'>14</span> 
     </span>
    </p>
   </div>
   <div class='ocr_carea' id='block_1_2' title="bbox 530 476 2130 3162">
    <p class='ocr_par' dir='ltr' id='par_1_2' title="bbox 530 476 2129 815">
     <span class='ocr_line' id='line_1_2' title="bbox 537 476 2128 532; baseline 0 -11"><span class='ocrx_word' id='word_1_2' title='bbox 537 478 678 528; x_wconf 87' lang='lat' dir='ltr'>Haud,</span> <span class='ocrx_word' id='word_1_3' title='bbox 713 482 761 519; x_wconf 85' lang='lat' dir='ltr'>ut</span> <span class='ocrx_word' id='word_1_4' title='bbox 793 478 954 532; x_wconf 83' lang='lat' dir='ltr'>opinor,</span> <span class='ocrx_word' id='word_1_5' title='bbox 990 490 1196 532; x_wconf 85' lang='lat' dir='ltr'>magnum</span> <span class='ocrx_word' id='word_1_6' title='bbox 1226 476 1363 531; x_wconf 88' lang='lat' dir='ltr'>capiet</span> <span class='ocrx_word' id='word_1_7' title='bbox 1390 476 1626 531; x_wconf 83' lang='lat' dir='ltr'>respublica</span> <span class='ocrx_word' id='word_1_8' title='bbox 1653 481 1795 520; x_wconf 86' lang='lat' dir='ltr'>nostra</span> <span class='ocrx_word' id='word_1_9' title='bbox 1823 478 2128 521; x_wconf 77' lang='lat' dir='ltr'>detrimentum</span> 
     </span>
     <span class='ocr_line' id='line_1_3' title="bbox 537 546 2125 604; baseline -0.001 -13"><span class='ocrx_word' id='word_1_10' title='bbox 537 551 705 591; x_wconf 81' lang='lat' dir='ltr'>etiamsi</span> <span class='ocrx_word' id='word_1_11' title='bbox 751 550 865 589; x_wconf 84' lang='lat' dir='ltr'>iusto</span> <span class='ocrx_word' id='word_1_12' title='bbox 913 548 1083 602; x_wconf 86' lang='lat' dir='ltr'>saepius</span> <span class='ocrx_word' id='word_1_13' title='bbox 1131 547 1292 588; x_wconf 89' lang='lat' dir='ltr'>erimus</span> <span class='ocrx_word' id='word_1_14' title='bbox 1341 546 1531 588; x_wconf 74' lang='lat' dir='ltr'>obsecuti</span> <span class='ocrx_word' id='word_1_15' title='bbox 1581 546 1738 589; x_wconf 86' lang='lat' dir='ltr'>talibus</span> <span class='ocrx_word' id='word_1_16' title='bbox 1782 550 1899 598; x_wconf 89' lang='lat' dir='ltr'>viris,</span> <span class='ocrx_word' id='word_1_17' title='bbox 1947 563 2125 604; x_wconf 90' lang='lat' dir='ltr'>quorum</span> 
     </span>
     <span class='ocr_line' id='line_1_4' title="bbox 530 615 2127 675; baseline 0.001 -14"><span class='ocrx_word' id='word_1_18' title='bbox 530 620 745 675; x_wconf 71' lang='lat' dir='ltr'>praeclara</span> <span class='ocrx_word' id='word_1_19' title='bbox 773 617 989 660; x_wconf 88' lang='lat' dir='ltr'>interdum</span> <span class='ocrx_word' id='word_1_20' title='bbox 1019 618 1175 659; x_wconf 76' lang='lat' dir='ltr'>enituit</span> <span class='ocrx_word' id='word_1_21' title='bbox 1198 615 1344 672; x_wconf 78' lang='lat' dir='ltr'>opera!</span> <span class='ocrx_word' id='word_1_22' title='bbox 1373 616 1454 659; x_wconf 79' lang='lat' dir='ltr'>Sed</span> <span class='ocrx_word' id='word_1_23' title='bbox 1482 616 1532 658; x_wconf 86' lang='lat' dir='ltr'>de</span> <span class='ocrx_word' id='word_1_24' title='bbox 1559 618 1661 672; x_wconf 91' lang='lat' dir='ltr'>ipsis</span> <span class='ocrx_word' id='word_1_25' title='bbox 1679 619 1874 660; x_wconf 86' lang='lat' dir='ltr'>versibus</span> <span class='ocrx_word' id='word_1_26' title='bbox 1892 620 2127 662; x_wconf 87' lang='lat' dir='ltr'>videamus.</span> 
     </span>
     <span class='ocr_line' id='line_1_5' title="bbox 537 686 2129 744; baseline -0.001 -11"><span class='ocrx_word' id='word_1_27' title='bbox 537 691 663 733; x_wconf 88' lang='lat' dir='ltr'>Haud</span> <span class='ocrx_word' id='word_1_28' title='bbox 707 688 927 731; x_wconf 88' lang='lat' dir='ltr'>dissimilis</span> <span class='ocrx_word' id='word_1_29' title='bbox 970 689 1038 730; x_wconf 87' lang='lat' dir='ltr'>hic</span> <span class='ocrx_word' id='word_1_30' title='bbox 1081 688 1201 730; x_wconf 90' lang='lat' dir='ltr'>nobis</span> <span class='ocrx_word' id='word_1_31' title='bbox 1234 686 1464 730; x_wconf 85' lang='lat' dir='ltr'>Cerinthus</span> <span class='ocrx_word' id='word_1_32' title='bbox 1497 687 1745 744; x_wconf 72' lang='lat' dir='ltr'>depingitur</span> <span class='ocrx_word' id='word_1_33' title='bbox 1778 690 1999 733; x_wconf 80' lang='lat' dir='ltr'>Protesilai</span> <span class='ocrx_word' id='word_1_34' title='bbox 2032 690 2129 732; x_wconf 85' lang='lat' dir='ltr'>Ovi-</span> 
     </span>
     <span class='ocr_line' id='line_1_6' title="bbox 537 758 1642 815; baseline -0.003 -12"><span class='ocrx_word' id='word_1_35' title='bbox 537 763 665 811; x_wconf 84' lang='lat' dir='ltr'>diani,</span> <span class='ocrx_word' id='word_1_36' title='bbox 701 761 749 802; x_wconf 88' lang='lat' dir='ltr'>de</span> <span class='ocrx_word' id='word_1_37' title='bbox 784 774 866 815; x_wconf 88' lang='lat' dir='ltr'>quo</span> <span class='ocrx_word' id='word_1_38' title='bbox 900 773 975 801; x_wconf 90' lang='lat' dir='ltr'>sua</span> <span class='ocrx_word' id='word_1_39' title='bbox 1010 759 1242 801; x_wconf 82' lang='lat' dir='ltr'>Laodamia</span> <span class='ocrx_word' id='word_1_40' title='bbox 1273 758 1376 800; x_wconf 90' lang='lat' dir='ltr'>haec</span> <span class='ocrx_word' id='word_1_41' title='bbox 1409 758 1642 801; x_wconf 80' lang='lat' dir='ltr'>exclamat:</span> 
     </span>
    </p>

    <p class='ocr_par' dir='ltr' id='par_1_3' title="bbox 778 829 1654 887">
     <span class='ocr_line' id='line_1_7' title="bbox 778 829 1654 887; baseline -0.001 -14"><span class='ocrx_word' id='word_1_42' title='bbox 778 830 896 873; x_wconf 86' lang='lat' dir='ltr'>Bella</span> <span class='ocrx_word' id='word_1_43' title='bbox 926 834 1078 887; x_wconf 81' lang='lat' dir='ltr'>gerant</span> <span class='ocrx_word' id='word_1_44' title='bbox 1110 830 1196 881; x_wconf 86' lang='lat' dir='ltr'>alii,</span> <span class='ocrx_word' id='word_1_45' title='bbox 1233 829 1491 872; x_wconf 83' lang='lat' dir='ltr'>Protesilaus</span> <span class='ocrx_word' id='word_1_46' title='bbox 1525 834 1654 872; x_wconf 90' lang='lat' dir='ltr'>amat.</span> 
     </span>
    </p>

    <p class='ocr_par' dir='ltr' id='par_1_4' title="bbox 533 901 2130 1812">
     <span class='ocr_line' id='line_1_8' title="bbox 596 901 2126 958; baseline -0.001 -12"><span class='ocrx_word' id='word_1_47' title='bbox 596 905 693 954; x_wconf 87' lang='lat' dir='ltr'>Hic,</span> <span class='ocrx_word' id='word_1_48' title='bbox 738 904 773 945; x_wconf 91' lang='lat' dir='ltr'>si</span> <span class='ocrx_word' id='word_1_49' title='bbox 817 903 906 945; x_wconf 89' lang='lat' dir='ltr'>fieri</span> <span class='ocrx_word' id='word_1_50' title='bbox 947 906 1101 958; x_wconf 91' lang='lat' dir='ltr'>potest,</span> <span class='ocrx_word' id='word_1_51' title='bbox 1146 902 1339 943; x_wconf 86' lang='lat' dir='ltr'>festivior</span> <span class='ocrx_word' id='word_1_52' title='bbox 1380 903 1510 943; x_wconf 85' lang='lat' dir='ltr'>etiam</span> <span class='ocrx_word' id='word_1_53' title='bbox 1543 901 1722 944; x_wconf 90' lang='lat' dir='ltr'>Ovidius</span> <span class='ocrx_word' id='word_1_54' title='bbox 1755 916 1882 957; x_wconf 91' lang='lat' dir='ltr'>quam</span> <span class='ocrx_word' id='word_1_55' title='bbox 1915 902 2126 945; x_wconf 78' lang='lat' dir='ltr'>Tibullus,</span> 
     </span>
     <span class='ocr_line' id='line_1_9' title="bbox 536 971 2128 1018; baseline -0.002 0"><span class='ocrx_word' id='word_1_56' title='bbox 536 975 659 1018; x_wconf 84' lang='lat' dir='ltr'>Certe</span> <span class='ocrx_word' id='word_1_57' title='bbox 702 973 933 1016; x_wconf 85' lang='lat' dir='ltr'>admodum</span> <span class='ocrx_word' id='word_1_58' title='bbox 977 972 1100 1015; x_wconf 87' lang='lat' dir='ltr'>utilis</span> <span class='ocrx_word' id='word_1_59' title='bbox 1143 973 1212 1014; x_wconf 89' lang='lat' dir='ltr'>hic</span> <span class='ocrx_word' id='word_1_60' title='bbox 1253 971 1372 1014; x_wconf 91' lang='lat' dir='ltr'>locus</span> <span class='ocrx_word' id='word_1_61' title='bbox 1407 976 1469 1013; x_wconf 90' lang='lat' dir='ltr'>est</span> <span class='ocrx_word' id='word_1_62' title='bbox 1502 972 1553 1014; x_wconf 87' lang='lat' dir='ltr'>ad</span> <span class='ocrx_word' id='word_1_63' title='bbox 1585 972 1964 1015; x_wconf 88' lang='lat' dir='ltr'>demonstrandum</span> <span class='ocrx_word' id='word_1_64' title='bbox 1997 976 2128 1015; x_wconf 89' lang='lat' dir='ltr'>etiam</span> 
     </span>
     <span class='ocr_line' id='line_1_10' title="bbox 534 1044 2130 1100; baseline -0.001 -12"><span class='ocrx_word' id='word_1_65' title='bbox 534 1050 578 1088; x_wconf 93' lang='lat' dir='ltr'>in</span> <span class='ocrx_word' id='word_1_66' title='bbox 621 1045 856 1088; x_wconf 86' lang='lat' dir='ltr'>simillimis</span> <span class='ocrx_word' id='word_1_67' title='bbox 899 1044 1147 1087; x_wconf 88' lang='lat' dir='ltr'>adhibendis</span> <span class='ocrx_word' id='word_1_68' title='bbox 1180 1045 1439 1086; x_wconf 79' lang='lat' dir='ltr'>ornamentis</span> <span class='ocrx_word' id='word_1_69' title='bbox 1473 1048 1730 1100; x_wconf 88' lang='lat' dir='ltr'>quantopere</span> <span class='ocrx_word' id='word_1_70' title='bbox 1763 1045 1808 1086; x_wconf 89' lang='lat' dir='ltr'>hi</span> <span class='ocrx_word' id='word_1_71' title='bbox 1840 1048 1986 1100; x_wconf 87' lang='lat' dir='ltr'>poetae</span> <span class='ocrx_word' id='word_1_72' title='bbox 2017 1046 2130 1087; x_wconf 85' lang='lat' dir='ltr'>inter</span> 
     </span>
     <span class='ocr_line' id='line_1_11' title="bbox 535 1115 2127 1172; baseline -0.001 -12"><span class='ocrx_word' id='word_1_73' title='bbox 535 1133 576 1161; x_wconf 88' lang='lat' dir='ltr'>se</span> <span class='ocrx_word' id='word_1_74' title='bbox 622 1118 870 1172; x_wconf 86' lang='lat' dir='ltr'>discrepent.</span> <span class='ocrx_word' id='word_1_75' title='bbox 917 1115 1036 1168; x_wconf 81' lang='lat' dir='ltr'>Quod</span> <span class='ocrx_word' id='word_1_76' title='bbox 1077 1116 1171 1157; x_wconf 92' lang='lat' dir='ltr'>ideo</span> <span class='ocrx_word' id='word_1_77' title='bbox 1214 1117 1341 1157; x_wconf 81' lang='lat' dir='ltr'>toties</span> <span class='ocrx_word' id='word_1_78' title='bbox 1383 1129 1535 1157; x_wconf 90' lang='lat' dir='ltr'>moneo</span> <span class='ocrx_word' id='word_1_79' title='bbox 1567 1116 1666 1170; x_wconf 90' lang='lat' dir='ltr'>quia</span> <span class='ocrx_word' id='word_1_80' title='bbox 1698 1129 1864 1171; x_wconf 88' lang='lat' dir='ltr'>semper</span> <span class='ocrx_word' id='word_1_81' title='bbox 1896 1120 2042 1158; x_wconf 91' lang='lat' dir='ltr'>metuo</span> <span class='ocrx_word' id='word_1_82' title='bbox 2076 1130 2127 1158; x_wconf 88' lang='lat' dir='ltr'>ne</span> 
     </span>
     <span class='ocr_line' id='line_1_12' title="bbox 535 1186 2126 1245; baseline -0.001 -14"><span class='ocrx_word' id='word_1_83' title='bbox 535 1189 700 1245; x_wconf 86' lang='lat' dir='ltr'>quaudo</span> <span class='ocrx_word' id='word_1_84' title='bbox 734 1188 1042 1230; x_wconf 87' lang='lat' dir='ltr'>Baehrensiana</span> <span class='ocrx_word' id='word_1_85' title='bbox 1068 1186 1144 1228; x_wconf 89' lang='lat' dir='ltr'>illa</span> <span class='ocrx_word' id='word_1_86' title='bbox 1171 1188 1368 1242; x_wconf 79' lang='lat' dir='ltr'>suspicio,</span> <span class='ocrx_word' id='word_1_87' title='bbox 1398 1186 1447 1228; x_wconf 92' lang='lat' dir='ltr'>de</span> <span class='ocrx_word' id='word_1_88' title='bbox 1477 1200 1559 1242; x_wconf 91' lang='lat' dir='ltr'>qua</span> <span class='ocrx_word' id='word_1_89' title='bbox 1586 1201 1713 1243; x_wconf 88' lang='lat' dir='ltr'>supra</span> <span class='ocrx_word' id='word_1_90' title='bbox 1740 1186 1842 1237; x_wconf 84' lang='lat' dir='ltr'>dixi,</span> <span class='ocrx_word' id='word_1_91' title='bbox 1870 1191 2126 1229; x_wconf 89' lang='lat' dir='ltr'>renascatur.</span> 
     </span>
     <span class='ocr_line' id='line_1_13' title="bbox 534 1256 2127 1313; baseline -0.003 -11"><span class='ocrx_word' id='word_1_92' title='bbox 534 1261 614 1303; x_wconf 78' lang='lat' dir='ltr'>Sed</span> <span class='ocrx_word' id='word_1_93' title='bbox 656 1259 794 1301; x_wconf 85' lang='lat' dir='ltr'>multo</span> <span class='ocrx_word' id='word_1_94' title='bbox 839 1260 977 1300; x_wconf 87' lang='lat' dir='ltr'>maius</span> <span class='ocrx_word' id='word_1_95' title='bbox 1020 1258 1097 1300; x_wconf 89' lang='lat' dir='ltr'>hoc</span> <span class='ocrx_word' id='word_1_96' title='bbox 1138 1257 1311 1300; x_wconf 84' lang='lat' dir='ltr'>videtur</span> <span class='ocrx_word' id='word_1_97' title='bbox 1354 1256 1594 1312; x_wconf 81' lang='lat' dir='ltr'>periculum</span> <span class='ocrx_word' id='word_1_98' title='bbox 1627 1271 1678 1299; x_wconf 89' lang='lat' dir='ltr'>ne</span> <span class='ocrx_word' id='word_1_99' title='bbox 1711 1256 1937 1312; x_wconf 89' lang='lat' dir='ltr'>aliquando</span> <span class='ocrx_word' id='word_1_100' title='bbox 1973 1257 2127 1313; x_wconf 90' lang='lat' dir='ltr'>aliquis</span> 
     </span>
     <span class='ocr_line' id='line_1_14' title="bbox 533 1327 2127 1384; baseline -0.002 -11"><span class='ocrx_word' id='word_1_101' title='bbox 533 1332 652 1373; x_wconf 89' lang='lat' dir='ltr'>nobis</span> <span class='ocrx_word' id='word_1_102' title='bbox 684 1329 936 1372; x_wconf 87' lang='lat' dir='ltr'>obtrudatur</span> <span class='ocrx_word' id='word_1_103' title='bbox 968 1330 1160 1370; x_wconf 85' lang='lat' dir='ltr'>imitator</span> <span class='ocrx_word' id='word_1_104' title='bbox 1192 1328 1349 1379; x_wconf 87' lang='lat' dir='ltr'>Ovidii,</span> <span class='ocrx_word' id='word_1_105' title='bbox 1385 1329 1457 1384; x_wconf 91' lang='lat' dir='ltr'>qui</span> <span class='ocrx_word' id='word_1_106' title='bbox 1485 1328 1608 1370; x_wconf 85' lang='lat' dir='ltr'>hasce</span> <span class='ocrx_word' id='word_1_107' title='bbox 1637 1327 1838 1384; x_wconf 84' lang='lat' dir='ltr'>elegiolas</span> <span class='ocrx_word' id='word_1_108' title='bbox 1866 1328 2127 1371; x_wconf 85' lang='lat' dir='ltr'>confinxerit.</span> 
     </span>
     <span class='ocr_line' id='line_1_15' title="bbox 533 1398 2126 1455; baseline -0.003 -11"><span class='ocrx_word' id='word_1_109' title='bbox 533 1403 665 1445; x_wconf 90' lang='lat' dir='ltr'>Nobis</span> <span class='ocrx_word' id='word_1_110' title='bbox 705 1403 793 1443; x_wconf 91' lang='lat' dir='ltr'>iam</span> <span class='ocrx_word' id='word_1_111' title='bbox 837 1404 1000 1443; x_wconf 90' lang='lat' dir='ltr'>constat</span> <span class='ocrx_word' id='word_1_112' title='bbox 1041 1400 1195 1442; x_wconf 87' lang='lat' dir='ltr'>harum</span> <span class='ocrx_word' id='word_1_113' title='bbox 1239 1404 1407 1455; x_wconf 88' lang='lat' dir='ltr'>poetam</span> <span class='ocrx_word' id='word_1_114' title='bbox 1453 1398 1605 1441; x_wconf 92' lang='lat' dir='ltr'>Ovidio</span> <span class='ocrx_word' id='word_1_115' title='bbox 1648 1413 1793 1454; x_wconf 87' lang='lat' dir='ltr'>parem</span> <span class='ocrx_word' id='word_1_116' title='bbox 1826 1403 1868 1441; x_wconf 89' lang='lat' dir='ltr'>et</span> <span class='ocrx_word' id='word_1_117' title='bbox 1899 1403 2043 1441; x_wconf 89' lang='lat' dir='ltr'>tamen</span> <span class='ocrx_word' id='word_1_118' title='bbox 2075 1400 2126 1442; x_wconf 92' lang='lat' dir='ltr'>ab</span> 
     </span>
     <span class='ocr_line' id='line_1_16' title="bbox 534 1469 2127 1526; baseline -0.002 -11"><span class='ocrx_word' id='word_1_119' title='bbox 534 1488 580 1516; x_wconf 93' lang='lat' dir='ltr'>eo</span> <span class='ocrx_word' id='word_1_120' title='bbox 623 1471 852 1514; x_wconf 85' lang='lat' dir='ltr'>admodum</span> <span class='ocrx_word' id='word_1_121' title='bbox 896 1471 1114 1513; x_wconf 87' lang='lat' dir='ltr'>diversum</span> <span class='ocrx_word' id='word_1_122' title='bbox 1156 1471 1299 1512; x_wconf 89' lang='lat' dir='ltr'>fuisse.</span> <span class='ocrx_word' id='word_1_123' title='bbox 1342 1470 1423 1512; x_wconf 80' lang='lat' dir='ltr'>Sed</span> <span class='ocrx_word' id='word_1_124' title='bbox 1465 1484 1676 1526; x_wconf 86' lang='lat' dir='ltr'>nusquam</span> <span class='ocrx_word' id='word_1_125' title='bbox 1710 1469 1866 1512; x_wconf 90' lang='lat' dir='ltr'>clarius</span> <span class='ocrx_word' id='word_1_126' title='bbox 1898 1484 2025 1525; x_wconf 87' lang='lat' dir='ltr'>quam</span> <span class='ocrx_word' id='word_1_127' title='bbox 2058 1470 2127 1512; x_wconf 90' lang='lat' dir='ltr'>hic</span> 
     </span>
     <span class='ocr_line' id='line_1_17' title="bbox 535 1541 2128 1601; baseline -0.003 -14"><span class='ocrx_word' id='word_1_128' title='bbox 535 1548 710 1601; x_wconf 88' lang='lat' dir='ltr'>apparet</span> <span class='ocrx_word' id='word_1_129' title='bbox 753 1546 911 1598; x_wconf 86' lang='lat' dir='ltr'>quanto</span> <span class='ocrx_word' id='word_1_130' title='bbox 954 1541 1028 1584; x_wconf 92' lang='lat' dir='ltr'>ille</span> <span class='ocrx_word' id='word_1_131' title='bbox 1061 1541 1240 1584; x_wconf 89' lang='lat' dir='ltr'>artificio</span> <span class='ocrx_word' id='word_1_132' title='bbox 1272 1542 1354 1583; x_wconf 87' lang='lat' dir='ltr'>sibi</span> <span class='ocrx_word' id='word_1_133' title='bbox 1386 1543 1615 1583; x_wconf 85' lang='lat' dir='ltr'>transitum</span> <span class='ocrx_word' id='word_1_134' title='bbox 1649 1541 1701 1583; x_wconf 92' lang='lat' dir='ltr'>ad</span> <span class='ocrx_word' id='word_1_135' title='bbox 1734 1556 1844 1583; x_wconf 85' lang='lat' dir='ltr'>nova</span> <span class='ocrx_word' id='word_1_136' title='bbox 1876 1545 2128 1597; x_wconf 84' lang='lat' dir='ltr'>argumenta</span> 
     </span>
     <span class='ocr_line' id='line_1_18' title="bbox 533 1611 2126 1671; baseline -0.003 -14"><span class='ocrx_word' id='word_1_137' title='bbox 533 1629 679 1671; x_wconf 85' lang='lat' dir='ltr'>parare</span> <span class='ocrx_word' id='word_1_138' title='bbox 712 1614 857 1656; x_wconf 87' lang='lat' dir='ltr'>soleat.</span> <span class='ocrx_word' id='word_1_139' title='bbox 891 1612 1019 1655; x_wconf 88' lang='lat' dir='ltr'>Velut</span> <span class='ocrx_word' id='word_1_140' title='bbox 1051 1613 1119 1654; x_wconf 88' lang='lat' dir='ltr'>hic</span> <span class='ocrx_word' id='word_1_141' title='bbox 1151 1614 1372 1668; x_wconf 87' lang='lat' dir='ltr'>aptissime</span> <span class='ocrx_word' id='word_1_142' title='bbox 1405 1611 1598 1655; x_wconf 89' lang='lat' dir='ltr'>Cerinthi</span> <span class='ocrx_word' id='word_1_143' title='bbox 1629 1616 1748 1654; x_wconf 92' lang='lat' dir='ltr'>metu</span> <span class='ocrx_word' id='word_1_144' title='bbox 1781 1613 1920 1654; x_wconf 85' lang='lat' dir='ltr'>utitur</span> <span class='ocrx_word' id='word_1_145' title='bbox 1952 1612 2002 1654; x_wconf 86' lang='lat' dir='ltr'>ad</span> <span class='ocrx_word' id='word_1_146' title='bbox 2033 1611 2126 1653; x_wconf 79' lang='lat' dir='ltr'>Sul-</span> 
     </span>
     <span class='ocr_line' id='line_1_19' title="bbox 533 1683 2126 1742; baseline -0.003 -14"><span class='ocrx_word' id='word_1_147' title='bbox 533 1688 664 1742; x_wconf 86' lang='lat' dir='ltr'>piciae</span> <span class='ocrx_word' id='word_1_148' title='bbox 707 1685 833 1727; x_wconf 89' lang='lat' dir='ltr'>fidem</span> <span class='ocrx_word' id='word_1_149' title='bbox 878 1683 1225 1727; x_wconf 89' lang='lat' dir='ltr'>confirmandam.</span> <span class='ocrx_word' id='word_1_150' title='bbox 1269 1683 1461 1725; x_wconf 84' lang='lat' dir='ltr'>Fidelem</span> <span class='ocrx_word' id='word_1_151' title='bbox 1505 1684 1618 1725; x_wconf 89' lang='lat' dir='ltr'>enim</span> <span class='ocrx_word' id='word_1_152' title='bbox 1662 1683 1854 1725; x_wconf 83' lang='lat' dir='ltr'>futuram</span> <span class='ocrx_word' id='word_1_153' title='bbox 1887 1687 2001 1725; x_wconf 87' lang='lat' dir='ltr'>certa</span> <span class='ocrx_word' id='word_1_154' title='bbox 2032 1696 2126 1738; x_wconf 87' lang='lat' dir='ltr'>spes</span> 
     </span>
     <span class='ocr_line' id='line_1_20' title="bbox 535 1754 1563 1812; baseline -0.004 -12"><span class='ocrx_word' id='word_1_155' title='bbox 535 1763 597 1800; x_wconf 88' lang='lat' dir='ltr'>est</span> <span class='ocrx_word' id='word_1_156' title='bbox 630 1772 723 1799; x_wconf 85' lang='lat' dir='ltr'>eam</span> <span class='ocrx_word' id='word_1_157' title='bbox 757 1771 862 1812; x_wconf 90' lang='lat' dir='ltr'>quae</span> <span class='ocrx_word' id='word_1_158' title='bbox 895 1756 945 1798; x_wconf 91' lang='lat' dir='ltr'>de</span> <span class='ocrx_word' id='word_1_159' title='bbox 979 1769 1021 1797; x_wconf 88' lang='lat' dir='ltr'>se</span> <span class='ocrx_word' id='word_1_160' title='bbox 1054 1755 1155 1797; x_wconf 81' lang='lat' dir='ltr'>haec</span> <span class='ocrx_word' id='word_1_161' title='bbox 1189 1755 1390 1797; x_wconf 89' lang='lat' dir='ltr'>affirmari</span> <span class='ocrx_word' id='word_1_162' title='bbox 1422 1754 1563 1811; x_wconf 83' lang='lat' dir='ltr'>legat:</span> 
     </span>
    </p>

    <p class='ocr_par' dir='ltr' id='par_1_5' title="bbox 532 1825 2126 2168">
     <span class='ocr_line' id='line_1_21' title="bbox 715 1825 1888 1876; baseline -0.003 -7"><span class='ocrx_word' id='word_1_163' title='bbox 715 1829 771 1869; x_wconf 86' lang='lat' dir='ltr'>At</span> <span class='ocrx_word' id='word_1_164' title='bbox 804 1842 916 1869; x_wconf 86' lang='lat' dir='ltr'>nunc</span> <span class='ocrx_word' id='word_1_165' title='bbox 949 1830 1038 1869; x_wconf 89' lang='lat' dir='ltr'>tota</span> <span class='ocrx_word' id='word_1_166' title='bbox 1069 1830 1143 1868; x_wconf 87' lang='lat' dir='ltr'>tua</span> <span class='ocrx_word' id='word_1_167' title='bbox 1176 1829 1253 1876; x_wconf 89' lang='lat' dir='ltr'>est,</span> <span class='ocrx_word' id='word_1_168' title='bbox 1288 1829 1329 1868; x_wconf 88' lang='lat' dir='ltr'>te</span> <span class='ocrx_word' id='word_1_169' title='bbox 1363 1825 1501 1868; x_wconf 90' lang='lat' dir='ltr'>solum</span> <span class='ocrx_word' id='word_1_170' title='bbox 1535 1825 1711 1868; x_wconf 87' lang='lat' dir='ltr'>candida</span> <span class='ocrx_word' id='word_1_171' title='bbox 1743 1840 1888 1868; x_wconf 88' lang='lat' dir='ltr'>secum</span> 
     </span>
     <span class='ocr_line' id='line_1_22' title="bbox 776 1897 1736 1955; baseline -0.002 -14"><span class='ocrx_word' id='word_1_172' title='bbox 776 1898 948 1955; x_wconf 82' lang='lat' dir='ltr'>Cogitat</span> <span class='ocrx_word' id='word_1_173' title='bbox 981 1902 1023 1940; x_wconf 89' lang='lat' dir='ltr'>et</span> <span class='ocrx_word' id='word_1_174' title='bbox 1055 1898 1213 1940; x_wconf 88' lang='lat' dir='ltr'>frustra</span> <span class='ocrx_word' id='word_1_175' title='bbox 1245 1897 1417 1939; x_wconf 87' lang='lat' dir='ltr'>credula</span> <span class='ocrx_word' id='word_1_176' title='bbox 1449 1898 1574 1940; x_wconf 83' lang='lat' dir='ltr'>turba</span> <span class='ocrx_word' id='word_1_177' title='bbox 1607 1897 1736 1940; x_wconf 86' lang='lat' dir='ltr'>sedet.</span> 
     </span>
     <span class='ocr_line' id='line_1_23' title="bbox 533 1967 2126 2025; baseline -0.003 -12"><span class='ocrx_word' id='word_1_178' title='bbox 533 1972 704 2013; x_wconf 58' lang='lat' dir='ltr'>Frustra</span> <span class='ocrx_word' id='word_1_179' title='bbox 737 1970 900 2011; x_wconf 75' lang='lat' dir='ltr'>credula</span> <span class='ocrx_word' id='word_1_180' title='bbox 932 1971 1046 2010; x_wconf 67' lang='lat' dir='ltr'>turba</span> <span class='ocrx_word' id='word_1_181' title='bbox 1078 1970 1198 2011; x_wconf 70' lang='lat' dir='ltr'>sedet.</span> <span class='ocrx_word' id='word_1_182' title='bbox 1232 1968 1354 2010; x_wconf 84' lang='lat' dir='ltr'>Nihil</span> <span class='ocrx_word' id='word_1_183' title='bbox 1385 1983 1573 2024; x_wconf 84' lang='lat' dir='ltr'>unquam</span> <span class='ocrx_word' id='word_1_184' title='bbox 1599 1968 1687 2025; x_wconf 84' lang='lat' dir='ltr'>legi</span> <span class='ocrx_word' id='word_1_185' title='bbox 1712 1969 1933 2010; x_wconf 81' lang='lat' dir='ltr'>festivius:</span> <span class='ocrx_word' id='word_1_186' title='bbox 1964 1967 2126 2009; x_wconf 81' lang='lat' dir='ltr'>adsidet</span> 
     </span>
     <span class='ocr_line' id='line_1_24' title="bbox 532 2039 2124 2097; baseline -0.002 -14"><span class='ocrx_word' id='word_1_187' title='bbox 532 2041 745 2097; x_wconf 81' lang='lat' dir='ltr'>Sulpiciae</span> <span class='ocrx_word' id='word_1_188' title='bbox 788 2041 951 2083; x_wconf 88' lang='lat' dir='ltr'>foribus</span> <span class='ocrx_word' id='word_1_189' title='bbox 993 2044 1234 2082; x_wconf 88' lang='lat' dir='ltr'>amatorum</span> <span class='ocrx_word' id='word_1_190' title='bbox 1278 2041 1416 2090; x_wconf 82' lang='lat' dir='ltr'>turba,</span> <span class='ocrx_word' id='word_1_191' title='bbox 1460 2040 1531 2082; x_wconf 90' lang='lat' dir='ltr'>sed</span> <span class='ocrx_word' id='word_1_192' title='bbox 1574 2039 1732 2082; x_wconf 86' lang='lat' dir='ltr'>frustra</span> <span class='ocrx_word' id='word_1_193' title='bbox 1774 2040 1950 2082; x_wconf 81' lang='lat' dir='ltr'>credunt</span> <span class='ocrx_word' id='word_1_194' title='bbox 1983 2041 2124 2081; x_wconf 88' lang='lat' dir='ltr'>miseri</span> 
     </span>
     <span class='ocr_line' id='line_1_25' title="bbox 534 2109 1381 2168; baseline -0.001 -14"><span class='ocrx_word' id='word_1_195' title='bbox 534 2127 722 2168; x_wconf 87' lang='lat' dir='ltr'>unquam</span> <span class='ocrx_word' id='word_1_196' title='bbox 756 2113 836 2154; x_wconf 88' lang='lat' dir='ltr'>sibi</span> <span class='ocrx_word' id='word_1_197' title='bbox 868 2116 1065 2168; x_wconf 86' lang='lat' dir='ltr'>apertum</span> <span class='ocrx_word' id='word_1_198' title='bbox 1098 2113 1151 2153; x_wconf 89' lang='lat' dir='ltr'>iri</span> <span class='ocrx_word' id='word_1_199' title='bbox 1184 2109 1381 2153; x_wconf 76' lang='lat' dir='ltr'>ianuam!</span> 
     </span>
    </p>

    <p class='ocr_par' dir='ltr' id='par_1_6' title="bbox 595 2181 2125 2239">
     <span class='ocr_line' id='line_1_26' title="bbox 595 2181 2125 2239; baseline -0.002 -14"><span class='ocrx_word' id='word_1_200' title='bbox 595 2184 683 2225; x_wconf 86' lang='lat' dir='ltr'>Iam</span> <span class='ocrx_word' id='word_1_201' title='bbox 733 2184 931 2225; x_wconf 79' lang='lat' dir='ltr'>exhausit</span> <span class='ocrx_word' id='word_1_202' title='bbox 980 2184 1204 2224; x_wconf 89' lang='lat' dir='ltr'>materiem</span> <span class='ocrx_word' id='word_1_203' title='bbox 1248 2197 1371 2224; x_wconf 90' lang='lat' dir='ltr'>suam</span> <span class='ocrx_word' id='word_1_204' title='bbox 1413 2182 1652 2239; x_wconf 88' lang='lat' dir='ltr'>praeclarus</span> <span class='ocrx_word' id='word_1_205' title='bbox 1695 2186 1837 2237; x_wconf 90' lang='lat' dir='ltr'>poeta,</span> <span class='ocrx_word' id='word_1_206' title='bbox 1882 2181 2125 2236; x_wconf 86' lang='lat' dir='ltr'>clauditque</span> 
     </span>
    </p>

    <p class='ocr_par' dir='ltr' id='par_1_7' title="bbox 533 2254 2124 2879">
     <span class='ocr_line' id='line_1_27' title="bbox 533 2254 1409 2311; baseline -0.002 -14"><span class='ocrx_word' id='word_1_207' title='bbox 533 2270 701 2297; x_wconf 87' lang='lat' dir='ltr'>carmen</span> <span class='ocrx_word' id='word_1_208' title='bbox 734 2269 842 2297; x_wconf 86' lang='lat' dir='ltr'>nova</span> <span class='ocrx_word' id='word_1_209' title='bbox 876 2254 1089 2311; x_wconf 86' lang='lat' dir='ltr'>Apollinis</span> <span class='ocrx_word' id='word_1_210' title='bbox 1119 2255 1409 2296; x_wconf 87' lang='lat' dir='ltr'>invocatione:</span> 
     </span>
     <span class='ocr_line' id='line_1_28' title="bbox 714 2324 1861 2378; baseline -0.003 -10"><span class='ocrx_word' id='word_1_211' title='bbox 714 2326 896 2376; x_wconf 86' lang='lat' dir='ltr'>Phoebe,</span> <span class='ocrx_word' id='word_1_212' title='bbox 931 2326 1050 2377; x_wconf 82' lang='lat' dir='ltr'>fave;</span> <span class='ocrx_word' id='word_1_213' title='bbox 1084 2326 1173 2366; x_wconf 71' lang='lat' dir='ltr'>laus</span> <span class='ocrx_word' id='word_1_214' title='bbox 1206 2341 1344 2378; x_wconf 68' lang='lat' dir='ltr'>mayna</span> <span class='ocrx_word' id='word_1_215' title='bbox 1378 2324 1452 2366; x_wconf 72' lang='lat' dir='ltr'>tibi</span> <span class='ocrx_word' id='word_1_216' title='bbox 1485 2325 1679 2366; x_wconf 72' lang='lat' dir='ltr'>tribuetur</span> <span class='ocrx_word' id='word_1_217' title='bbox 1710 2325 1752 2366; x_wconf 73' lang='lat' dir='ltr'>in</span> <span class='ocrx_word' id='word_1_218' title='bbox 1785 2340 1861 2365; x_wconf 77' lang='lat' dir='ltr'>uno</span> 
     </span>
     <span class='ocr_line' id='line_1_29' title="bbox 780 2396 1523 2451; baseline -0.001 -13"><span class='ocrx_word' id='word_1_219' title='bbox 780 2398 947 2451; x_wconf 73' lang='lat' dir='ltr'>Corpore</span> <span class='ocrx_word' id='word_1_220' title='bbox 977 2402 1129 2438; x_wconf 73' lang='lat' dir='ltr'>servato</span> <span class='ocrx_word' id='word_1_221' title='bbox 1162 2396 1381 2438; x_wconf 67' lang='lat' dir='ltr'>restituisse</span> <span class='ocrx_word' id='word_1_222' title='bbox 1413 2397 1523 2437; x_wconf 75' lang='lat' dir='ltr'>duos.</span> 
     </span>
     <span class='ocr_line' id='line_1_30' title="bbox 533 2465 2124 2523; baseline -0.002 -13"><span class='ocrx_word' id='word_1_223' title='bbox 533 2468 647 2510; x_wconf 90' lang='lat' dir='ltr'>Haec</span> <span class='ocrx_word' id='word_1_224' title='bbox 681 2482 848 2523; x_wconf 87' lang='lat' dir='ltr'>quoque</span> <span class='ocrx_word' id='word_1_225' title='bbox 876 2467 1134 2510; x_wconf 85' lang='lat' dir='ltr'>Ovidianum</span> <span class='ocrx_word' id='word_1_226' title='bbox 1163 2467 1319 2509; x_wconf 88' lang='lat' dir='ltr'>habent</span> <span class='ocrx_word' id='word_1_227' title='bbox 1344 2466 1543 2517; x_wconf 88' lang='lat' dir='ltr'>colorem,</span> <span class='ocrx_word' id='word_1_228' title='bbox 1574 2466 1645 2509; x_wconf 91' lang='lat' dir='ltr'>sed</span> <span class='ocrx_word' id='word_1_229' title='bbox 1673 2466 1813 2509; x_wconf 85' lang='lat' dir='ltr'>subito</span> <span class='ocrx_word' id='word_1_230' title='bbox 1839 2466 1938 2508; x_wconf 89' lang='lat' dir='ltr'>novi</span> <span class='ocrx_word' id='word_1_231' title='bbox 1965 2465 2124 2521; x_wconf 88' lang='lat' dir='ltr'>aliquid</span> 
     </span>
     <span class='ocr_line' id='line_1_31' title="bbox 533 2537 1976 2594; baseline -0.001 -13"><span class='ocrx_word' id='word_1_232' title='bbox 533 2545 674 2581; x_wconf 84' lang='lat' dir='ltr'>noster</span> <span class='ocrx_word' id='word_1_233' title='bbox 705 2540 851 2581; x_wconf 88' lang='lat' dir='ltr'>adiicit</span> <span class='ocrx_word' id='word_1_234' title='bbox 883 2539 995 2594; x_wconf 89' lang='lat' dir='ltr'>quod</span> <span class='ocrx_word' id='word_1_235' title='bbox 1027 2538 1238 2593; x_wconf 86' lang='lat' dir='ltr'>peculiare</span> <span class='ocrx_word' id='word_1_236' title='bbox 1274 2539 1353 2580; x_wconf 91' lang='lat' dir='ltr'>toti</span> <span class='ocrx_word' id='word_1_237' title='bbox 1385 2539 1583 2593; x_wconf 88' lang='lat' dir='ltr'>praebeat</span> <span class='ocrx_word' id='word_1_238' title='bbox 1615 2539 1795 2580; x_wconf 80' lang='lat' dir='ltr'>carmini</span> <span class='ocrx_word' id='word_1_239' title='bbox 1828 2537 1976 2579; x_wconf 86' lang='lat' dir='ltr'>decus:</span> 
     </span>
     <span class='ocr_line' id='line_1_32' title="bbox 715 2608 1912 2661; baseline -0.002 -10"><span class='ocrx_word' id='word_1_240' title='bbox 715 2610 804 2652; x_wconf 86' lang='lat' dir='ltr'>Iam</span> <span class='ocrx_word' id='word_1_241' title='bbox 838 2609 1012 2661; x_wconf 87' lang='lat' dir='ltr'>celeber,</span> <span class='ocrx_word' id='word_1_242' title='bbox 1046 2611 1133 2651; x_wconf 88' lang='lat' dir='ltr'>iam</span> <span class='ocrx_word' id='word_1_243' title='bbox 1166 2609 1295 2650; x_wconf 72' lang='lat' dir='ltr'>laetus</span> <span class='ocrx_word' id='word_1_244' title='bbox 1328 2610 1424 2660; x_wconf 85' lang='lat' dir='ltr'>eris,</span> <span class='ocrx_word' id='word_1_245' title='bbox 1459 2623 1557 2650; x_wconf 91' lang='lat' dir='ltr'>cum</span> <span class='ocrx_word' id='word_1_246' title='bbox 1591 2608 1732 2650; x_wconf 88' lang='lat' dir='ltr'>debita</span> <span class='ocrx_word' id='word_1_247' title='bbox 1765 2608 1912 2650; x_wconf 83' lang='lat' dir='ltr'>reddet</span> 
     </span>
     <span class='ocr_line' id='line_1_33' title="bbox 775 2679 1697 2734; baseline -0.003 -11"><span class='ocrx_word' id='word_1_248' title='bbox 775 2680 984 2724; x_wconf 85' lang='lat' dir='ltr'>Certatim</span> <span class='ocrx_word' id='word_1_249' title='bbox 1018 2681 1174 2722; x_wconf 85' lang='lat' dir='ltr'>sanctis</span> <span class='ocrx_word' id='word_1_250' title='bbox 1206 2680 1335 2720; x_wconf 74' lang='lat' dir='ltr'>laetus</span> <span class='ocrx_word' id='word_1_251' title='bbox 1367 2683 1546 2734; x_wconf 88' lang='lat' dir='ltr'>uterque</span> <span class='ocrx_word' id='word_1_252' title='bbox 1579 2679 1697 2721; x_wconf 87' lang='lat' dir='ltr'>focis.</span> 
     </span>
     <span class='ocr_line' id='line_1_34' title="bbox 714 2749 1719 2805; baseline -0.001 -13"><span class='ocrx_word' id='word_1_253' title='bbox 714 2751 827 2793; x_wconf 81' lang='lat' dir='ltr'>Tum</span> <span class='ocrx_word' id='word_1_254' title='bbox 859 2755 900 2794; x_wconf 90' lang='lat' dir='ltr'>te</span> <span class='ocrx_word' id='word_1_255' title='bbox 932 2751 1097 2793; x_wconf 87' lang='lat' dir='ltr'>felicem</span> <span class='ocrx_word' id='word_1_256' title='bbox 1131 2750 1240 2792; x_wconf 86' lang='lat' dir='ltr'>dicet</span> <span class='ocrx_word' id='word_1_257' title='bbox 1271 2752 1341 2805; x_wconf 87' lang='lat' dir='ltr'>pia</span> <span class='ocrx_word' id='word_1_258' title='bbox 1373 2750 1498 2792; x_wconf 86' lang='lat' dir='ltr'>turba</span> <span class='ocrx_word' id='word_1_259' title='bbox 1531 2749 1719 2800; x_wconf 88' lang='lat' dir='ltr'>deorum,</span> 
     </span>
     <span class='ocr_line' id='line_1_35' title="bbox 775 2822 1675 2879; baseline -0.003 -14"><span class='ocrx_word' id='word_1_260' title='bbox 775 2823 994 2879; x_wconf 88' lang='lat' dir='ltr'>Optabunt</span> <span class='ocrx_word' id='word_1_261' title='bbox 1027 2826 1138 2864; x_wconf 88' lang='lat' dir='ltr'>artes</span> <span class='ocrx_word' id='word_1_262' title='bbox 1171 2826 1212 2864; x_wconf 90' lang='lat' dir='ltr'>et</span> <span class='ocrx_word' id='word_1_263' title='bbox 1245 2822 1325 2863; x_wconf 88' lang='lat' dir='ltr'>sibi</span> <span class='ocrx_word' id='word_1_264' title='bbox 1357 2823 1534 2877; x_wconf 89' lang='lat' dir='ltr'>quisque</span> <span class='ocrx_word' id='word_1_265' title='bbox 1567 2824 1675 2863; x_wconf 91' lang='lat' dir='ltr'>tuas.</span> 
     </span>
    </p>

    <p class='ocr_par' dir='ltr' id='par_1_8' title="bbox 532 2890 2122 3162">
     <span class='ocr_line' id='line_1_36' title="bbox 594 2890 2120 2949; baseline -0.003 -13"><span class='ocrx_word' id='word_1_266' title='bbox 594 2894 674 2936; x_wconf 73' lang='lat' dir='ltr'>Sed</span> <span class='ocrx_word' id='word_1_267' title='bbox 717 2895 785 2936; x_wconf 89' lang='lat' dir='ltr'>hic</span> <span class='ocrx_word' id='word_1_268' title='bbox 827 2899 923 2936; x_wconf 86' lang='lat' dir='ltr'>ante</span> <span class='ocrx_word' id='word_1_269' title='bbox 957 2896 1100 2936; x_wconf 90' lang='lat' dir='ltr'>omnia</span> <span class='ocrx_word' id='word_1_270' title='bbox 1134 2895 1381 2949; x_wconf 86' lang='lat' dir='ltr'>turpissima</span> <span class='ocrx_word' id='word_1_271' title='bbox 1415 2897 1479 2935; x_wconf 91' lang='lat' dir='ltr'>est</span> <span class='ocrx_word' id='word_1_272' title='bbox 1511 2892 1687 2934; x_wconf 88' lang='lat' dir='ltr'>delenda</span> <span class='ocrx_word' id='word_1_273' title='bbox 1719 2891 1899 2934; x_wconf 91' lang='lat' dir='ltr'>macula.</span> <span class='ocrx_word' id='word_1_274' title='bbox 1933 2890 2043 2932; x_wconf 87' lang='lat' dir='ltr'>Nam</span> <span class='ocrx_word' id='word_1_275' title='bbox 2077 2891 2120 2931; x_wconf 91' lang='lat' dir='ltr'>in</span> 
     </span>
     <span class='ocr_line' id='line_1_37' title="bbox 533 2963 2122 3018; baseline -0.001 -12"><span class='ocrx_word' id='word_1_276' title='bbox 533 2967 785 3007; x_wconf 81' lang='lat' dir='ltr'>servitutem</span> <span class='ocrx_word' id='word_1_277' title='bbox 815 2965 1008 3007; x_wconf 86' lang='lat' dir='ltr'>addictus</span> <span class='ocrx_word' id='word_1_278' title='bbox 1037 2967 1092 3006; x_wconf 91' lang='lat' dir='ltr'>sit</span> <span class='ocrx_word' id='word_1_279' title='bbox 1120 2964 1373 3007; x_wconf 84' lang='lat' dir='ltr'>lectionibus</span> <span class='ocrx_word' id='word_1_280' title='bbox 1402 2963 1568 3005; x_wconf 89' lang='lat' dir='ltr'>traditis</span> <span class='ocrx_word' id='word_1_281' title='bbox 1596 2965 1730 3018; x_wconf 89' lang='lat' dir='ltr'>quiin</span> <span class='ocrx_word' id='word_1_282' title='bbox 1749 2965 1983 3005; x_wconf 89' lang='lat' dir='ltr'>tersissimo</span> <span class='ocrx_word' id='word_1_283' title='bbox 2000 2967 2122 3018; x_wconf 89' lang='lat' dir='ltr'>poeta</span> 
     </span>
     <span class='ocr_line' id='line_1_38' title="bbox 532 3034 2122 3091; baseline -0.002 -14"><span class='ocrx_word' id='word_1_284' title='bbox 532 3038 659 3078; x_wconf 84' lang='lat' dir='ltr'>istam</span> <span class='ocrx_word' id='word_1_285' title='bbox 695 3037 800 3078; x_wconf 87' lang='lat' dir='ltr'>ferat</span> <span class='ocrx_word' id='word_1_286' title='bbox 832 3038 1130 3091; x_wconf 86' lang='lat' dir='ltr'>repetitionem</span> <span class='ocrx_word' id='word_1_287' title='bbox 1164 3036 1293 3076; x_wconf 71' lang='lat' dir='ltr'>laetus</span> <span class='ocrx_word' id='word_1_288' title='bbox 1328 3067 1337 3076; x_wconf 88' lang='lat'><strong>.</strong></span> <span class='ocrx_word' id='word_1_289' title='bbox 1360 3066 1398 3076; x_wconf 89' lang='lat'>..</span> <span class='ocrx_word' id='word_1_290' title='bbox 1434 3035 1573 3076; x_wconf 74' lang='lat' dir='ltr'>laetus.</span> <span class='ocrx_word' id='word_1_291' title='bbox 1608 3035 1846 3076; x_wconf 86' lang='lat' dir='ltr'>Prudenter</span> <span class='ocrx_word' id='word_1_292' title='bbox 1879 3034 2051 3075; x_wconf 88' lang='lat' dir='ltr'>omniuo</span> <span class='ocrx_word' id='word_1_293' title='bbox 2079 3036 2122 3074; x_wconf 92' lang='lat' dir='ltr'>et</span> 
     </span>
     <span class='ocr_line' id='line_1_39' title="bbox 532 3104 2120 3162; baseline -0.001 -15"><span class='ocrx_word' id='word_1_294' title='bbox 532 3106 669 3162; x_wconf 89' lang='lat' dir='ltr'>lepide</span> <span class='ocrx_word' id='word_1_295' title='bbox 702 3112 875 3149; x_wconf 84' lang='lat' dir='ltr'>annotat</span> <span class='ocrx_word' id='word_1_296' title='bbox 910 3106 1164 3150; x_wconf 86' lang='lat' dir='ltr'>Cartaltius:</span> <span class='ocrx_word' id='word_1_297' title='bbox 1213 3106 1272 3157; x_wconf 86' lang='lat' dir='ltr'>„il</span> <span class='ocrx_word' id='word_1_298' title='bbox 1304 3105 1464 3148; x_wconf 91' lang='lat' dir='ltr'>semble</span> <span class='ocrx_word' id='word_1_299' title='bbox 1498 3104 1627 3160; x_wconf 90' lang='lat' dir='ltr'>qu&#39;ici</span> <span class='ocrx_word' id='word_1_300' title='bbox 1659 3105 1827 3147; x_wconf 82' lang='lat' dir='ltr'>Tibulle</span> <span class='ocrx_word' id='word_1_301' title='bbox 1859 3106 1920 3147; x_wconf 89' lang='lat' dir='ltr'>ait</span> <span class='ocrx_word' id='word_1_302' title='bbox 1952 3118 2004 3146; x_wconf 91' lang='lat' dir='ltr'>eu</span> <span class='ocrx_word' id='word_1_303' title='bbox 2037 3117 2120 3145; x_wconf 91' lang='lat' dir='ltr'>une</span> 
     </span>
    </p>
   </div>
  </div>
 </body>
</html>
