2320 3828
947 363 998 403 15

179 484 318 526 raison
366 496 473 538 pour
518 483 690 525 insister
728 497 800 525 sur
840 484 880 526 le
930 486 1005 527 fait
1048 500 1127 541 que
1169 486 1207 527 le
1251 487 1548 537 ‹lenouement,
1598 492 1757 546 joyeux

179 568 285 610 pour
316 553 377 595 les
409 553 520 596 deux
553 558 731 604 amante,
764 554 804 596 le
837 569 926 597 sera
958 559 1071 598 aussi
1104 572 1209 612 pour
1242 558 1280 599 le
1314 559 1408 601 dieu
1438 561 1660 610 sauveur'',
1689 562 1758 602 sed

179 624 426 680 pauperculi
467 628 614 680 poetae
646 628 709 667 est
743 625 826 668 tale
859 629 1070 682 requirere
1104 628 1328 670 auxilium.
1373 631 1492 672 Nihil
1525 634 1636 673 enim
1670 636 1758 673 tam

177 697 318 751 inepte
360 695 524 737 dictum
566 698 630 737 est
660 697 760 750 quin
795 698 1002 739 eiusmodi
1034 700 1165 752 possit
1198 699 1361 741 defendi
1395 701 1757 756 explicationibus.

178 766 251 808 Me
298 767 333 807 si
378 779 501 822 roges
550 766 652 821 quid
695 766 890 808 Tibullus
935 770 1160 823 scripserit,
1207 770 1314 811 nihil
1360 772 1466 812 mihi
1512 774 1651 827 aptius
1686 787 1758 827 pro

177 838 314 893 priore
343 837 470 878 laetus
495 840 612 890 (nam
639 837 874 879 seeundum
900 837 1007 879 illud
1037 841 1156 881 unice
1186 855 1334 882 verum
1363 846 1442 893 est)
1470 845 1613 897 reponi
1640 857 1758 898 posse

175 907 450 963 respondeam
493 921 623 963 quam
656 923 830 961 maqnus.
864 908 973 949 Nam
1008 909 1049 949 et
1080 909 1155 951 1100
1187 909 1276 952 1000
1311 911 1364 960 et,
1399 913 1757 966 quemadmodum

176 978 302 1020 modo
345 978 549 1028 dicebam,
593 980 721 1020 etiam
766 981 810 1020 in
854 980 1003 1034 primis
1047 982 1243 1022 carminis
1288 983 1476 1023 versibus
1511 984 1630 1024 nobis
1663 989 1758 1025 ante

176 1048 317 1091 oculos
349 1050 522 1104 ponitur
555 1049 669 1100 deus,
703 1063 831 1105 quem
864 1051 986 1091 sortis
1019 1064 1118 1092 suae
1152 1053 1377 1105 poeniteat,
1411 1067 1535 1107 quem
1564 1054 1757 1096 homines

176 1119 358 1175 diligant
384 1123 611 1175 amentque
638 1122 776 1176 magis
804 1133 931 1175 quam
962 1125 1213 1162 venerentur
1239 1127 1528 1178 metuantque,
1554 1126 1756 1179 cuiusque

173 1192 218 1232 in
261 1190 445 1247 Olympo
493 1204 560 1232 ars
609 1190 717 1232 lenis
759 1190 1024 1246 clemensque
1068 1191 1231 1233 sordeat
1273 1194 1307 1233 si
1351 1199 1616 1248 comparetur
1659 1210 1754 1236 cum

174 1261 300 1311 Iovis,
344 1262 498 1303 Martis
541 1260 723 1303 aliorum
756 1261 854 1303 telis
886 1262 1112 1316 armisque.
1148 1262 1232 1312 „At
1263 1264 1298 1304 si
1330 1264 1542 1319 Sulpiciae
1575 1265 1755 1306 salutem

174 1331 397 1374 attuleris”
432 1335 557 1388 poeta
588 1333 648 1374 ait

355 1402 472 1444 Tunc
504 1406 545 1445 te
579 1402 743 1445 felicem
776 1402 886 1445 dicet
918 1404 989 1458 pia
1022 1404 1146 1445 turba
1179 1404 1352 1446 deorum

414 1473 632 1529 Optabunt
663 1478 774 1516 artes
807 1478 849 1516 et
882 1475 962 1515 sibi
994 1476 1171 1530 quisque
1206 1479 1313 1517 tuas.

173 1544 366 1587 Profecto
398 1544 610 1601 praeclara
640 1545 743 1587 haec
775 1544 978 1601 praeclari
1012 1547 1210 1587 carminis
1242 1545 1452 1588 clausula!

234 1688 391 1739 Quarta
432 1687 614 1743 elegiola
653 1687 789 1729 denuo
833 1688 961 1729 verba
1004 1688 1104 1729 facit
1136 1687 1336 1742 Sulpicia.
1379 1688 1460 1730 Res
1492 1691 1604 1731 enim
1639 1690 1755 1733 adest

173 1773 278 1814 quae
320 1762 469 1814 sponte
512 1773 606 1800 eam
649 1759 773 1800 faciat
808 1758 1022 1800 disertam.
1056 1757 1246 1800 Cerinthi
1279 1758 1433 1800 alluxit
1466 1760 1618 1802 natalis
1652 1761 1752 1803 dies.

171 1829 236 1870 Eu
264 1831 530 1885 aptissimam
556 1830 717 1885 optima
735 1844 923 1885 quaeque
941 1829 1136 1885 precandi
1155 1828 1428 1871 dilectissimo
1446 1830 1753 1874 adolescentulo

173 1899 458 1943 occasionem!
503 1901 643 1956 Atque
687 1902 746 1943 sic
778 1902 953 1942 intimos
986 1914 1082 1941 suos
1115 1914 1356 1954 expromere
1390 1901 1552 1942 orditur
1583 1916 1750 1944 sensus:

353 1972 417 2014 En
450 1973 523 2027 qui
555 1975 610 2022 te,
645 1970 856 2022 Cerinthe,
892 1971 980 2013 dies
1013 1970 1141 2020 dedit,
1174 1971 1241 2012 hic
1275 1971 1380 2012 mihi
1413 1976 1581 2014 sanctus

413 2043 552 2098 Atque
584 2044 696 2084 inter
731 2043 860 2084 festos
892 2056 1057 2097 semper
1090 2041 1302 2083 habendus
1336 2043 1426 2083 erit.

232 2113 351 2154 Istud
393 2128 439 2154 en
481 2113 551 2169 qm·
583 2113 811 2155 Baehrensi
845 2116 920 2162 est,
955 2114 1063 2153 miro
1096 2112 1165 2153 hic
1198 2126 1362 2167 quoque
1393 2112 1656 2169 indulgentis
1689 2113 1751 2155 illi

171 2183 312 2225 studio
344 2184 566 2239 spernendi
592 2183 635 2225 id
664 2183 773 2238 quod
802 2181 982 2238 simplex
1011 2183 1138 2223 nimis
1167 2182 1394 2232 videretur,
1424 2185 1618 2238 quamvis
1646 2189 1754 2225 esset

173 2254 380 2296 traditum
423 2258 464 2296 et
506 2269 651 2297 omnes
685 2254 874 2310 expleret
907 2268 1119 2295 numeros.
1154 2252 1200 2293 In
1236 2253 1449 2294 codicibus
1482 2256 1595 2295 enim
1631 2254 1663 2293 0
1697 2254 1753 2296 10-

171 2326 302 2380 gitur,
337 2325 447 2380 quod
479 2340 603 2367 sensu
635 2340 816 2376 cassum,
850 2329 889 2365 et
914 2324 996 2379 qui,
1031 2323 1100 2365 sed
1129 2324 1255 2365 codex
1284 2323 1316 2364 F
1343 2324 1411 2378 qui
1437 2324 1534 2364 mibi
1561 2325 1750 2373 exhibet;

170 2397 428 2438 rectissime:
473 2411 610 2439 carere
654 2398 767 2438 enim
810 2397 879 2437 hic
922 2395 1066 2436 dativo
1099 2393 1217 2435 nullo
1250 2394 1374 2435 modo
1406 2408 1653 2448 possumus;
1690 2395 1753 2435 Ιιὶσ

170 2467 256 2508 dies
297 2472 345 2518 te,
389 2468 582 2518 Cerintbe,
627 2468 738 2509 dedit
781 2466 907 2508 nihili
950 2470 1034 2516 est3
1080 2465 1141 2505 hic
1177 2464 1262 2505 dies
1295 2469 1331 2505 te
1363 2465 1460 2505 milli
1491 2466 1603 2506 dedit
1635 2466 1752 2507 decet

170 2537 357 2593 puellam
385 2542 518 2580 totam
546 2540 681 2581 amori
708 2553 783 2580 suo
812 2537 1011 2579 deditam.
1047 2535 1126 2577 Sed
1159 2550 1240 2577 non
1274 2534 1410 2576 solum
1441 2535 1533 2576 ideo
1562 2536 1630 2590 qui
1654 2536 1752 2576 milti.

170 2613 220 2657 te,
259 2608 454 2660 Cer-inme,
494 2611 578 2650 dies
611 2610 722 2650 dedit
754 2612 816 2651 est
847 2606 1077 2663 legendum
1111 2608 1209 2661 quia
1242 2605 1448 2647 eiusmodi
1481 2607 1750 2647 enuntiatum

169 2693 296 2721 suum
339 2680 420 2721 sibi
460 2681 639 2735 requirit
672 2680 879 2729 dativum,
915 2677 986 2719 sed
1020 2678 1118 2731 quia
1148 2677 1206 2717 sic
1239 2675 1410 2717 demum
1442 2677 1630 2717 nascitur
1664 2690 1750 2717 sen-

169 2751 304 2791 tentia
355 2764 460 2805 quae
513 2752 650 2806 ipsam
705 2764 793 2791 rem
848 2748 959 2790 clara
1012 2746 1235 2802 perfundat
1286 2745 1393 2787 luce.
1447 2747 1574 2787 Amat
1626 2747 1749 2801 virgo

168 2820 359 2862 Romana
391 2819 665 2871 Graeculum,
700 2819 937 2869 vernulam,
971 2821 1020 2859 ut
1053 2818 1213 2872 opinor,
1249 2820 1358 2857 certe
1389 2817 1625 2858 obscuriore
1659 2815 1749 2858 1000

168 2895 315 2933 natum
349 2896 390 2933 et
421 2895 534 2933 amat
565 2893 774 2934 maturior
805 2892 890 2932 iam
922 2887 1165 2944 puerulum.
1199 2886 1314 2928 Num
1347 2887 1576 2942 quidquam
1611 2888 1750 2941 magis

168 2976 259 3004 eam
302 2961 420 3004 decet
462 2977 590 3018 quam
634 2962 753 3004 illius
797 2963 918 3017 pueri
960 2960 1070 3001 diem
1114 2957 1299 2999 natalem
1343 2972 1489 2999 vocare
1521 2957 1632 2998 diem
1667 2972 1748 3012 quo

166 3033 258 3087 ipsa
284 3047 382 3074 eum
411 3037 531 3075 nacta
558 3035 614 3075 sit
640 3038 856 3088 tamquam
886 3030 1005 3072 dulce
1034 3028 1201 3083 aliquod
1229 3027 1532 3069 munusculum
1566 3041 1747 3082 suaeque

165 3105 279 3145 vitae
309 3105 612 3146 suavissimum
646 3098 1028 3146 oblectamentum?
