2320 3828
1298 361 1354 404 46

1179 926 1458 969 TIBULLUS

1103 1030 1153 1083 (I,
1189 1029 1214 1072 3
1250 1044 1312 1072 vs.
1347 1028 1558 1081 83—94).

594 1202 739 1251 Poeta,
768 1214 865 1242 cum
898 1197 1098 1241 Messalla
1126 1197 1174 1239 ad
1205 1196 1369 1239 bellum
1397 1197 1609 1252 profectus
1637 1200 1679 1238 et
1706 1198 1748 1238 iu
1775 1196 1915 1238 insula
1942 1194 2127 1252 Corcyra

535 1287 661 1328 aeger
705 1271 900 1321 relictus,
946 1273 1004 1312 sic
1048 1269 1215 1312 Deliam
1260 1283 1382 1310 suam
1426 1272 1476 1310 ut
1516 1269 1560 1309 in
1604 1268 1684 1310 fide
1728 1271 1886 1323 perstet
1928 1268 2128 1309 admonet

534 1344 782 1399 laetumque
816 1344 897 1384 sibi
930 1342 981 1384 ad
1014 1355 1106 1383 eam
1140 1342 1357 1396 promittit
1390 1340 1601 1381 reditum:

717 1449 773 1489 At
798 1445 826 1495 ¹)
861 1450 907 1487 tu
941 1448 1055 1486 casta
1087 1457 1232 1499 precor
1265 1456 1449 1492 maneas,
1484 1443 1700 1496 sanctique
1732 1440 1906 1497 pudoris

779 1517 975 1560 Assideat
1007 1520 1150 1558 custos
1182 1513 1329 1556 sedula
1361 1528 1529 1570 semper
1576 1526 1693 1554 anus.

717 1590 832 1631 Haec
865 1589 944 1630 tibi
978 1586 1151 1629 fabellas
1185 1586 1338 1627 referat
1371 1585 1593 1640 positaque
1624 1583 1796 1626 lucerna

779 1660 970 1703 Deducat
1003 1658 1127 1714 plena
1160 1659 1343 1699 stamina
1369 1655 1499 1712 longa
1531 1655 1643 1713 colu,

718 1734 778 1774 Ac
811 1733 920 1774 circa
951 1730 1158 1786 gravibus
1191 1730 1333 1784 pensis
1365 1727 1488 1769 affixa
1520 1726 1665 1783 puella
1683 1725 1716 1780 2)

780 1802 999 1845 Paulatim
1033 1815 1182 1842 somno
1214 1800 1322 1841 fessa
1353 1800 1547 1854 remittat
1579 1812 1698 1854 opus

719 1875 837 1917 Tunc
870 1874 1040 1916 veniam
1074 1872 1229 1922 subito,
1263 1885 1337 1913 nec
1370 1872 1595 1927 quisquam
1628 1870 1798 1911 nuntiet
1830 1872 1941 1919 ante,

781 1946 861 1988 Sed
894 1945 1040 1987 videar
1071 1943 1185 1986 caelo
1219 1943 1375 1984 missus
1407 1941 1550 1983 adesse
1582 1941 1674 1982 tibi.

720 2018 831 2060 Tum
865 2017 987 2066 mihi,
1021 2015 1159 2071 qualis
1193 2016 1288 2064 eris,
1323 2013 1471 2069 longos
1503 2013 1676 2054 turbata
1709 2010 1897 2067 capillos,

781 2088 916 2131 Obvia
947 2086 1119 2136 nudato,
1152 2085 1285 2136 Delia,
1319 2099 1439 2126 curre
1471 2083 1589 2140 pede.

722 2159 813 2202 Hoc
846 2173 1004 2215 precor,
1039 2158 1153 2199 hunc
1184 2156 1312 2198 illum
1344 2157 1464 2198 nobis
1497 2156 1662 2198 Aurora
1694 2155 1903 2195 nitentem

782 2231 1029 2272 Luciferum
1062 2231 1193 2271 roseis
1225 2227 1402 2270 candida
1429 2230 1568 2283 portet
1599 2226 1748 2281 equis.¹

590 3026 619 3064 l)
645 3027 707 3057 At:
734 3024 875 3067 proxime
901 3023 1060 3066 praecedit
1084 3021 1170 3053 locus
1195 3021 1231 3052 de
1257 3019 1371 3062 puellis
1395 3029 1474 3061 quae
1499 3020 1628 3061 propter
1653 3017 1767 3049 laesam
1792 3017 1883 3048 fidem
1908 3016 1989 3058 apud
2015 3014 2132 3046 inferos

544 3080 738 3121 plectuntur.

590 3136 620 3174 2)
646 3134 709 3165 Vox
736 3135 818 3166 circa
844 3135 931 3164 docet
957 3133 1007 3164 hic
1030 3131 1223 3173 singularem
1247 3141 1304 3173 pro
1330 3129 1446 3172 plurali
1471 3128 1648 3160 adhibitum
1675 3137 1855 3159 numerum.
