2320 3828
1022 321 1046 363 5

235 443 315 485 diis
349 456 472 498 opem
504 447 670 498 petam:
706 457 728 485 o
757 457 884 498 quam
912 443 1056 486 felices
1083 449 1201 487 erant
1228 447 1392 501 antiqui
1420 446 1612 488 homines
1640 445 1821 489 Saturno

235 518 461 570 regnante,
507 517 601 555 tum
634 513 753 556 nulla
785 516 903 556 navis
935 529 1048 557 mare
1081 515 1292 568 sulcabat;
1328 520 1371 558 at
1404 531 1514 558 nunc
1548 517 1655 558 mihi
1686 519 1729 558 in
1762 531 1823 559 re-

235 588 350 627 mota
382 583 523 626 insula
556 588 619 626 est
650 585 941 637 moriendum,·
977 611 1031 617 -
1063 588 1149 628 iam
1182 591 1377 642 paratum
1410 591 1532 642 poeta
1565 587 1692 629 habet
1721 589 1822 629 titu-

233 655 325 697 lum
374 669 502 697 suum
551 655 828 711 sepulcralem
872 674 950 706 —3
998 671 1080 699 una
1122 671 1187 699 res
1229 672 1297 700 me
1339 657 1498 699 solatur
1539 658 1650 713 quod
1693 658 1816 708 mihi,

233 725 348 768 fideli
392 727 563 768 Amoris
607 727 775 778 cultori,
819 729 862 769 in
907 730 1067 784 campis
1110 728 1268 785 Elysiis
1311 733 1474 770 certum
1515 733 1578 771 est
1619 733 1816 784 paratum

234 796 525 849 domicilium3
569 801 631 839 est
673 803 714 839 et
755 798 955 840 scelerata
999 799 1200 854 quaedam
1246 799 1362 841 sedes
1404 799 1516 855 apud
1552 800 1733 842 inferos:
1769 814 1818 842 eo

232 867 464 910 deveniunt
505 870 745 924 quicunque
776 869 980 911 Amorem
1011 869 1222 911 laeserunt
1235 884 1244 921 ;
1279 884 1393 925 ergo,
1428 869 1561 920 Delia,
1597 872 1726 912 etiam
1758 879 1816 912 at-

231 952 312 993 que
339 939 469 980 etiam
488 942 528 980 te
546 953 696 981 moneo
714 943 826 981 casta
843 953 1013 981 maneas
1032 939 1292 995 fidelisque”.
1322 940 1447 982 Iuvat
1464 939 1639 982 ultimos
1655 940 1817 997 elegiae

231 1011 464 1053 exscribere
501 1024 660 1060 verSUS,
704 1024 754 1052 ne
787 1010 1054 1052 referendum
1088 1011 1196 1052 mihi
1228 1025 1373 1052 eorum
1407 1012 1462 1052 sit
1494 1016 1814 1066 argumentum,

230 1081 343 1137 quod
374 1095 497 1123 nemo
530 1080 778 1123 mortalium
812 1083 899 1123 suis
931 1082 1141 1124 invertere
1173 1083 1306 1136 possit
1334 1081 1472 1124 verbis
1500 1084 1602 1137 quin
1630 1083 1814 1137 turpiter

229 1161 497 1209 corrumpat:

473 1224 530 1265 At
563 1227 610 1265 tu
644 1227 758 1265 casta
788 1237 933 1279 precor
966 1236 1148 1273 maneas,
1183 1224 1399 1278 sanctique
1432 1222 1605 1279 pudoris

533 1294 728 1337 Assideat
760 1298 900 1336 custos
932 1293 1078 1335 sedula
1111 1307 1276 1349 semper
1308 1308 1425 1336 anus.

473 1365 589 1408 Haec
622 1366 701 1407 tibi
732 1363 906 1406 fabellas
939 1365 1091 1406 referat
1121 1366 1341 1420 positaque
1374 1363 1544 1406 lucerna

532 1436 724 1478 Deducat
755 1434 879 1491 plena
912 1437 1095 1477 stamina
1128 1434 1256 1490 longa
1288 1435 1396 1486 colu,

472 1508 529 1549 At
561 1508 670 1548 circa
701 1506 906 1562 gravibus
939 1507 1078 1561 pensis
1112 1505 1234 1547 affixa
1265 1505 1408 1561 puella

530 1577 745 1619 Paulatim
779 1591 925 1619 somno
959 1577 1066 1618 fessa
1099 1578 1291 1619 remittat
1323 1591 1441 1632 opus.

472 1648 565 1689 Tum
597 1647 746 1689 veniam
777 1648 917 1697 subito,
950 1661 1024 1689 nec
1058 1648 1284 1702 quisquam
1316 1648 1486 1688 nuntiet
1519 1650 1629 1697 ante,

531 1719 614 1761 Sed
647 1719 792 1761 videar
825 1717 936 1760 caelo
968 1719 1124 1759 missus
1157 1717 1299 1759 adesse
1332 1718 1436 1759 tibi:

470 1790 589 1832 Tunc
621 1790 745 1841 mihi,
778 1789 914 1845 qualis
947 1790 1041 1840 eris,
1075 1788 1223 1845 longos
1256 1789 1421 1831 turbata
1452 1788 1639 1844 capillos,

530 1861 664 1904 Obvia
696 1860 868 1912 nudato,
903 1859 1036 1909 Delia,
1071 1873 1189 1901 curre
1222 1859 1339 1914 pede.

469 1932 561 1974 Hoc
598 1946 755 1987 precor,
789 1932 901 1972 hunc
933 1930 1059 1972 illum
1092 1931 1212 1972 nobis
1244 1931 1406 1971 Aurora
1439 1931 1644 1971 nitentem

530 2003 776 2045 Luciferum
808 2003 937 2044 roseis
969 2001 1143 2043 candida
1175 2004 1314 2056 portet
1347 2002 1478 2056 equis.

225 2075 366 2130 Atque
399 2089 447 2116 ex
481 2076 614 2117 animi
646 2075 854 2116 sententia
886 2078 1028 2115 tecum
1060 2073 1151 2123 hoc,
1180 2071 1291 2121 Albi,
1319 2085 1554 2127 precamur,
1583 2071 1811 2114 candidum

225 2144 393 2201 pectus!
428 2146 538 2188 Nam
570 2159 764 2187 amamus
792 2148 832 2187 te
861 2147 900 2186 et
927 2145 1151 2200 ingenium
1180 2147 1305 2184 tuum
1332 2143 1618 2195 admiramur‚·
1643 2157 1808 2194 verum,

224 2216 329 2258 heus
362 2220 423 2267 tu,
458 2217 631 2258 morbus
663 2217 742 2258 iste
775 2229 977 2271 quorsum
1009 2215 1127 2264 abiit,
1157 2228 1361 2269 quorsum
1389 2214 1629 2256 Phaeacum
1655 2213 1807 2265 insula,

223 2301 428 2342 quorsum
462 2291 509 2328 tu
542 2289 631 2343 ipse
663 2285 888 2328 Messallae
921 2283 1086 2327 comes?
1128 2284 1175 2326 In
1209 2285 1403 2334 nubium,
1439 2288 1486 2326 ut
1515 2286 1676 2340 opinor,
1704 2299 1809 2326 rem-

222 2357 436 2413 publicam
469 2359 616 2399 avium
650 2361 777 2399 cantu
808 2360 1104 2412 personantem
1136 2356 1444 2397 amoenissimo.

283 2428 614 2470 Baehrensianae
657 2427 855 2469 editionis
896 2426 1141 2481 exemplari,
1185 2439 1266 2480 quo
1309 2426 1375 2466 uti
1407 2423 1533 2474 soleo,
1568 2424 1806 2481 elegiarum

220 2498 383 2541 Tibulli
425 2501 616 2541 omnium
659 2499 859 2554 praemisi
898 2498 1073 2540 brevem
1116 2500 1388 2550 conspectum
1433 2509 1559 2550 quem
1593 2496 1644 2537 ad
1677 2510 1805 2538 usum

221 2585 367 2612 meum
399 2571 639 2625 composui;
675 2583 801 2624 quem
834 2582 932 2610 cum
963 2568 1300 2623 conscripsissem
1328 2567 1458 2608 totius
1485 2568 1546 2608 rei
1572 2566 1678 2608 hanc
1705 2581 1805 2622 quo-

221 2640 445 2684 dammodo
479 2654 694 2682 summam
726 2640 828 2681 feci:

461 2711 576 2763 Quae
608 2724 717 2753 nova
748 2712 834 2752 sint
866 2723 962 2751 vere
995 2709 1090 2758 fers,
1126 2707 1236 2758 Albi,
1272 2720 1417 2763 pauca,
1451 2706 1522 2749 sed
1554 2706 1628 2749 illa

520 2782 702 2824 Lumine
734 2795 862 2836 quam
894 2779 1005 2822 claro
1039 2792 1166 2834 quam
1199 2779 1451 2833 proprioque
1484 2776 1643 2819 nitent!

460 2852 566 2894 Tam
598 2851 818 2907 lepideque
852 2855 946 2893 tuas
978 2849 1104 2892 calles
1135 2849 1364 2904 adiungere
1397 2861 1591 2903 gemmas

520 2924 732 2978 Antiquae
763 2935 905 2977 gazae,
939 2921 1012 2963 fiat
1043 2924 1092 2961 ut
1124 2935 1231 2961 omne
1263 2933 1438 2960 novum.

216 2994 324 3045 Non,
351 2993 502 3045 hercle,
531 3008 610 3049 ego
636 2993 884 3048 negaverim
913 3005 1034 3046 saepe
1062 2989 1293 3032 admodum
1321 3003 1408 3031 esse
1437 2987 1604 3030 difficile
1632 2993 1801 3044 poetam

215 3069 409 3107 nostrum
456 3079 529 3120 per
573 3063 746 3106 inflexas
795 3076 891 3104 suas
941 3065 1234 3116 tortuosasque
1279 3061 1474 3101 comitari
1517 3061 1709 3110 semitas,
1753 3066 1801 3102 ut
