2320 3828
966 356 1021 398 39

201 488 306 530 quae
347 476 463 530 ipsae
506 475 648 516 minus
691 489 818 530 quam
863 491 941 532 ego
986 481 1210 534 propitiam
1255 483 1489 526 habuerunt
1533 485 1776 538 Vene1·em'',

200 545 311 601 quod
341 544 658 601 lepidissimum
693 548 887 602 vitaeque
920 548 1104 602 plenum.

259 616 371 658 Tum
411 617 570 658 iterum
612 630 738 672 quam
780 620 967 660 maxime
999 621 1042 660 in
1076 635 1144 662 ore
1177 636 1219 663 se
1254 622 1473 665 hominurn
1507 639 1594 668 esse
1626 642 1775 682 cupere

198 689 257 730 sic
289 686 495 729 declarat:

378 757 472 800 Non
505 772 584 813 ego
617 759 797 814 signatis
830 761 1056 815 quicquam
1088 762 1285 805 mandare
1319 764 1485 806 tabellis

437 829 500 871 Ne
532 828 648 885 legat
678 829 722 871 id
754 844 877 872 nemo
912 845 1039 886 quam
1073 847 1192 874 meus
1225 840 1321 876 ante
1358 835 1499 877 velim.

195 900 278 942 Hic
311 914 385 956 pro
417 915 465 941 ne
497 899 593 942 Itali
627 900 725 942 dant
757 906 814 951 ub,
849 905 890 943 et
922 902 1034 944 haud
1067 903 1192 945 dubie
1224 906 1336 946 iusto
1369 906 1508 960 plures
1542 909 1644 950 istae
1673 915 1772 951 sunt

194 973 453 1027 negationes.
498 970 580 1013 Sed
621 970 833 1026 Sulpiciae
875 974 1008 1028 ipsius
1051 973 1157 1015 illud
1191 975 1358 1017 videtur
1391 979 1561 1029 vitium,
1594 980 1702 1034 quod
1735 983 1770 1021 si

192 1041 492 1083 sustulerimus
519 1042 752 1084 remanebit
782 1044 910 1084 etiam
937 1044 1159 1085 verborum
1188 1061 1299 1100 quam
1326 1062 1430 1087 meus
1455 1053 1545 1088 astla
1568 1050 1769 1100 confusio,

192 1127 319 1169 quam
352 1113 402 1155 ab
435 1114 527 1168 ipsa
557 1113 788 1168 profectam
823 1128 946 1156 nemo
980 1128 1181 1169 unquam,
1218 1122 1264 1156 nt
1299 1119 1457 1172 opinor,
1493 1120 1676 1175 negabit.

251 1184 397 1239 Neque
425 1185 523 1226 vitii
554 1185 746 1225 immune
775 1184 983 1226 distichon
1012 1199 1093 1239 quo
1122 1191 1161 1227 et
1188 1186 1429 1242 epistolium
1459 1189 1535 1231 hoc
1562 1196 1601 1231 et
1632 1196 1767 1232 totum

189 1253 386 1296 libellum
420 1268 547 1296 suum
581 1254 756 1296 clausit:

373 1324 455 1367 Sed
487 1339 678 1380 peccasse
710 1327 844 1376 iuvat,
879 1325 1026 1368 vultus
1058 1341 1302 1382 componere
1336 1329 1470 1371 famae

434 1395 615 1438 Taedet:
649 1411 748 1438 cum
782 1396 910 1452 digno
942 1397 1068 1452 digna
1101 1398 1227 1440 fuisse
1262 1399 1378 1442 ferar.

194 1467 296 1508 Post
338 1481 386 1509 ea
417 1481 523 1522 quae
555 1469 643 1508 iam
677 1468 785 1509 dixit
817 1467 1006 1523 Sulpicia
1038 1483 1110 1523 pro
1142 1470 1222 1510 isto
1254 1472 1322 1510 sed
1352 1469 1509 1525 aliquid
1543 1474 1771 1527 requiritur

193 1537 305 1592 quod
347 1537 485 1579 multo
530 1540 585 1580 sit
627 1539 861 1581 nervosius,
907 1538 1019 1580 Suus
1062 1539 1128 1580 hic
1168 1539 1282 1581 locus
1317 1546 1378 1582 est
1410 1541 1627 1596 particulis
1660 1542 1770 1583 imma

194 1623 280 1650 vero
321 1609 392 1651 sed
435 1608 518 1651 tale
560 1609 721 1665 aliquid
763 1610 974 1664 quomodo
1018 1611 1059 1650 in
1103 1624 1178 1652 suo
1209 1617 1378 1666 poneret
1411 1612 1654 1654 hexametro
1688 1628 1770 1654 non

190 1680 434 1722 inveniebat
466 1694 617 1735 parum
651 1682 878 1722 exercitata
911 1682 1082 1735 poetria.

253 1751 444 1806 Denique
486 1751 600 1793 haud
644 1751 716 1793 abs
749 1765 791 1793 re
824 1751 994 1792 videtur
1026 1753 1167 1793 omnia
1200 1765 1305 1806 quae
1338 1754 1550 1794 commisit
1582 1753 1769 1808 Sulpicia

191 1822 269 1863 sub
301 1836 435 1863 unum
470 1822 567 1863 dare
600 1826 870 1877 conspectum
904 1823 1023 1863 viiia.
1057 1821 1164 1863 Sunt
1197 1836 1297 1877 ergo
1330 1823 1452 1864 haec:

255 1892 276 1933 l
325 1908 484 1934 securus
515 1908 563 1933 ue
595 1894 730 1934 cadam
763 1907 838 1948 pro
870 1908 947 1933 non
982 1893 1128 1933 veritus
1159 1908 1207 1933 ne
1238 1894 1372 1933 eadam

251 1963 278 2005 2
325 1963 549 2013 lanificam,
599 1977 704 2018 quae
752 1965 884 2004 nimio
933 1968 1112 2018 urgetur
1158 1962 1312 2013 labore,
1361 1962 1544 2018 appellat
1584 1979 1762 2016 pressum

325 2035 500 2089 quasillo
531 2040 712 2075 scortum.

252 2104 277 2146 3
326 2107 431 2147 mire
464 2106 633 2147 turbata
665 2109 763 2147 sunt
798 2104 1000 2147 vocabula
1032 2106 1073 2145 in
1108 2104 1241 2146 hisce:

369 2177 538 2217 solliciti
570 2181 669 2218 sunt
702 2191 775 2230 pro
809 2177 940 2226 nobis,
974 2176 1127 2230 quibus
1157 2174 1230 2216 illa
1264 2174 1417 2216 doloris

429 2262 477 2288 ne
510 2247 655 2289 cedam
687 2249 835 2302 ignoto
869 2248 1056 2288 maxima
1089 2259 1211 2286 causa
1244 2251 1332 2286 toro

188 2322 230 2360 et
261 2333 463 2374 quorsum
497 2319 573 2359 illa
606 2320 812 2373 pertineat
843 2317 955 2358 haud
989 2331 1143 2373 parvus
1177 2321 1238 2357 est
1270 2315 1387 2357 labor
1419 2329 1628 2370 quaerere.

249 2390 276 2431 4
326 2394 362 2431 te
393 2390 429 2430 si
461 2405 610 2445 quoque
641 2404 716 2444 pro
749 2390 785 2430 si
816 2394 852 2429 te
884 2403 1045 2443 quoque.

250 2460 274 2501 5
325 2461 387 2502 bis
419 2461 594 2501 evincere
624 2460 773 2501 morbos
806 2460 882 2501 hoc
915 2473 1039 2500 sensu
1071 2458 1195 2498 morbo
1229 2456 1366 2497 levari.

249 2530 274 2572 6
322 2531 463 2572 temisse
481 2531 632 2585 pudori
658 2546 770 2586 quam
798 2531 966 2571 nudasse
993 2529 1229 2583 mihifastum
1256 2527 1377 2580 massis
1395 2527 1566 2568 obscure
1585 2526 1761 2568 dictum.

250 2602 273 2645 '7
308 2602 507 2644 'abundat
539 2603 710 2658 negatio
743 2603 786 2642 in
819 2616 866 2642 ne
900 2633 908 2642 .
929 2632 967 2642 ..
1002 2614 1121 2640 nemo.

248 2673 275 2715 8
320 2674 390 2714 sed
420 2675 546 2715 metri
578 2687 702 2714 causa
735 2687 808 2728 pro
841 2671 951 2713 immo
986 2686 1085 2711 vero.

186 2744 312 2786 Haud
355 2758 488 2800 pauca
520 2759 567 2786 ea
600 2758 689 2786 esse
722 2744 842 2786 vides
873 2745 913 2784 in
949 2742 1227 2798 quadraginta
1260 2738 1562 2781 versiculorum
1598 2753 1764 2794 corpus-

185 2815 293 2857 culo.
336 2814 560 2871 Simulque
603 2819 702 2856 sunt
743 2813 950 2856 eiusmodi
983 2816 1031 2853 nt
1065 2826 1115 2854 ex
1147 2810 1235 2852 illis
1268 2824 1430 2865 quoque
1462 2811 1594 2864 ipsius
1626 2808 1760 2850 libelli

184 2900 386 2942 agnoscas
426 2885 637 2928 indolem:
678 2900 761 2928 non
802 2886 846 2926 in
879 2883 1041 2926 scholae
1074 2883 1223 2924 umbra
1256 2881 1355 2922 haec
1387 2881 1594 2921 succrevit
1626 2880 1760 2930 arbor,

184 2959 340 3000 amoris
373 2971 465 2999 eam
498 2956 620 2999 ardor
651 2957 900 3012 procreavit.

243 3100 408 3143 Sensim
449 3114 472 3141 a
514 3113 588 3140 suo
632 3099 711 3139 sibi
752 3099 1002 3153 argumento
1045 3092 1211 3148 delapsa
1244 3096 1304 3133 est
1340 3096 1480 3133 nostra
1513 3089 1759 3145 disputatio,
