2320 3828
1337 365 1390 407 16

749 489 806 532 Τ6
839 492 1036 531 nascente
1068 503 1228 531 novum
1262 488 1417 530 Parcae
1451 490 1637 531 cecinere
1670 488 1824 545 puellis

808 560 1043 602 Servitium
1077 567 1118 601 et
1152 558 1359 601 dederunt
1391 573 1522 615 regna
1555 560 1734 616 superba
1766 560 1858 601 tibi.

569 632 772 674 Adultam
806 631 889 673 fere
923 630 1053 671 fuisse
1081 631 1297 685 virginem
1323 630 1515 685 suspicor
1539 629 1773 685 Sulpiciam
1802 644 1900 672 cum
1928 628 2157 673 Cerinthus

568 706 820 751 nasceretur,
863 700 934 742 sed
971 701 1059 742 iam
1092 704 1187 741 tum
1219 701 1264 741 111
1299 699 1398 741 fatis
1430 703 1519 741 erat
1551 704 1600 741 ut
1631 704 1727 755 post
1759 699 1918 742 multos
1951 700 2056 742 alios
2088 700 2158 742 hic

567 788 659 816 eam
702 786 809 814 nova
853 775 1048 813 exureret
1091 770 1264 812 flamma
1299 783 1399 825 prae
1430 784 1513 826 qua
1544 772 1706 826 priores
1739 785 1836 813 suos
1867 785 2031 813 amores
2063 785 2158 813 con-

567 847 773 887 temneret
808 848 849 885 et
883 842 1006 884 nihili
1039 842 1205 884 faceret.
1241 841 1332 884 Hoc
1365 843 1556 884 evenisse
1588 843 1680 897 ipsa
1710 843 1769 884 sic
1801 846 2004 885 testatur:

748 914 855 956 Uror
886 927 964 969 ego
997 916 1094 954 ante
1127 911 1252 954 alios:
1287 914 1411 955 iuvat
1443 913 1533 962 hoc,
1567 911 1781 963 Cerinthe‚
1815 912 1926 968 quod
1959 927 2071 963 uror,

806 984 851 1026 Si
884 984 963 1025 tibi
997 985 1046 1026 de
1078 984 1198 1026 nobis
1231 986 1410 1025 mutuus
1442 985 1556 1040 ignis
1590 983 1721 1026 adest.

565 1056 628 1098 En
662 1069 796 1097 unum
830 1054 1039 1096 distichon
1074 1054 1185 1110 quod
1218 1056 1253 1096 si
1287 1053 1450 1096 Tibulli
1484 1057 1547 1096 est
1577 1057 1637 1106 (et
1664 1054 1825 1110 quidni,
1853 1055 2037 1105 obsecro,
2065 1055 2158 1097 eius

565 1126 646 1169 sit?
694 1127 796 1179 Quis
827 1140 1018 1181 unquam
1051 1125 1206 1168 talium
1239 1125 1550 1168 versiculorum
1582 1136 1705 1181 poeta
1737 1126 1815 1168 sub
1848 1125 1985 1168 alieno
2016 1127 2158 1182 potuit

564 1198 693 1240 latere
721 1195 933 1249 nomine?)
962 1199 1063 1239 satis
1092 1211 1191 1239 eum
1219 1197 1408 1239 vindicat
1433 1210 1456 1238 a
1481 1196 1716 1254 Iacobyano
1735 1198 1926 1239 crimine.
1955 1196 2157 1239 'Palemne

564 1274 732 1325 poetam
765 1269 899 1310 amori
930 1267 1116 1310 canendo
1148 1282 1231 1310 11011
1265 1268 1397 1310 fuisse
1430 1265 1656 1310 idoneum!

624 1340 899 1382 Fortunatam
933 1353 975 1381 se
1008 1338 1086 1380 tali
1117 1352 1262 1381 amore
1295 1337 1487 1394 Sulpicia
1519 1338 1733 1394 praedicat

745 1410 929 1452 Mutuus
963 1410 1072 1452 adsit
1105 1424 1236 1460 amor,
1270 1423 1344 1465 per
1376 1414 1418 1451 te
1451 1408 1699 1451 dulcissima
1730 1410 1842 1452 furta

806 1482 971 1537 Perque
1005 1484 1101 1523 tuos
1133 1480 1276 1523 oculos
1310 1495 1384 1536 per
1415 1482 1677 1537 geniumque
1710 1495 1828 1537 rogo.

564 1551 871 1595 Leviusculum
906 1553 1080 1594 fortasse
1113 1560 1177 1594 est
1209 1551 1322 1608 quod
1353 1566 1520 1603 moneo,
1554 1552 1627 1594 sed
1658 1551 1767 1594 nihil
1797 1550 2156 1593 contemnendum

565 1623 677 1678 quod
704 1637 727 1665 a
754 1624 903 1678 quavis
933 1622 1101 1664 macula
1120 1622 1419 1664 huiuscemodi
1438 1623 1632 1665 defendat
1650 1622 1884 1666 versiculos
1892 1635 1901 1673 3
1922 1623 2155 1664 rectissime

557 1710 635 1748 per
667 1699 704 1735 te
735 1694 867 1736 edidit
900 1694 1196 1744 Baehrensius,
1233 1698 1374 1749 spreta
1407 1696 1524 1736 varia
1554 1693 1734 1737 lectione
1768 1699 1805 1736 te
1828 1710 1918 1748 per.

625 1765 715 1808 Iam
749 1765 800 1808 ad
833 1767 977 1821 ipsum
1009 1767 1191 1822 genium
1224 1780 1424 1809 conversa
1455 1770 1671 1822 precatur:

745 1836 904 1892 Magne
936 1835 1059 1887 Geni,
1094 1850 1194 1892 cape
1227 1840 1324 1879 tura
1355 1835 1493 1879 libens
1524 1839 1720 1893 votisque
1751 1837 1908 1888 faveto,

805 1907 851 1949 Si
883 1907 1023 1958 modo,
1057 1922 1154 1949 cum
1190 1907 1238 1949 de
1273 1922 1341 1950 me
1373 1909 1549 1965 cogitat,
1583 1907 1657 1951 ille
1690 1908 1812 1951 calet.

566 1977 713 2020 Denuo
756 1977 826 2020 hic
869 1977 983 2033 quod
1024 1979 1441 2033 praestantissimum
1484 1982 1548 2021 est
1593 1978 1769 2030 „Italis”
1814 1978 2038 2029 debemus,
2083 1979 2157 2033 qui

564 2049 686 2090 nobis
716 2047 825 2090 illud
858 2049 962 2090 calet
994 2048 1063 2092 vel
1097 2053 1321 2092 servarunt
1352 2049 1420 2092 vel
1453 2055 1706 2093 revocarunt
1737 2051 1788 2092 ab
1820 2051 1989 2100 inferis3
2024 2051 2068 2091 in
2096 2063 2158 2090 co·

566 2120 728 2162 dicibus
772 2120 805 2162 O
848 2120 955 2162 valet
995 2120 1171 2177 legitur,
1216 2120 1327 2176 quod
1369 2136 1495 2164 sensu
1539 2136 1720 2173 cassum,
1753 2123 1797 2164 in
1828 2121 1861 2163 F
1894 2121 2008 2170 volet,
2043 2119 2156 2175 quod

564 2193 862 2247 turpissimum
905 2192 1341 2248 abiectissimumque.
1386 2193 1468 2235 Sed
1509 2195 1652 2235 minus
1695 2192 1837 2235 felices
1879 2192 1989 2234 mihi
2028 2191 2156 2233 fuisse

564 2261 765 2305 videntur
798 2264 850 2304 in
894 2263 1152 2306 coniiciendo
1194 2279 1330 2316 maqne
1371 2262 1603 2320 legendum
1644 2278 1731 2306 esse
1773 2278 1820 2306 eo
1863 2263 1953 2306 loco
1996 2263 2070 2304 ubi
2111 2263 2155 2303 in

564 2335 651 2375 suis
679 2334 892 2376 codicibus
920 2339 995 2376 aut
1021 2334 1218 2377 lacunam
1246 2335 1449 2377 haberent
1476 2340 1563 2386 aut,
1593 2336 1705 2391 quod
1732 2336 1934 2378 exhibent
1957 2334 2004 2385 O,
2030 2349 2154 2376 mane.

564 2405 672 2447 Rem
714 2419 791 2447 acu
834 2407 980 2462 tetigit
1023 2407 1206 2448 Puccius
1249 2406 1543 2450 emendatione
1576 2421 1653 2450 sua
1685 2407 1797 2449 alme.
1841 2406 2031 2462 Denique
2064 2409 2155 2446 tura

564 2476 760 2531 equidem
794 2491 876 2518 non
909 2480 1143 2533 tangerem,
1177 2478 1213 2519 si
1245 2477 1366 2519 nulla
1398 2491 1442 2519 re
1475 2479 1736 2520 extrinsecus
1768 2476 1897 2520 allata
1927 2477 2036 2519 mihi
2067 2490 2156 2518 mo-

564 2551 736 2588 veretur
763 2546 986 2589 dubitatio.
1016 2547 1096 2589 Sed
1125 2548 1158 2589 οἱ
1187 2549 1442 2597 στιγματίαι
1463 2550 1564 2590 dona
1583 2550 1798 2606 praebent,
1816 2550 1909 2591 iure
1928 2552 1975 2590 ut
1993 2549 2153 2603 opinor.

566 2617 677 2659 Nam
720 2619 755 2659 si
797 2623 889 2659 tura
932 2620 1170 2674 scripsisset
1202 2617 1414 2669 Tibullus,
1448 2621 1543 2674 quis
1575 2634 1764 2676 unquam
1796 2622 1840 2661 in
1873 2621 2063 2662 animum
2095 2620 2156 2660 in—

565 2688 736 2730 duceret
767 2693 816 2730 ut
849 2703 923 2744 pro
957 2703 1004 2731 eo
1037 2690 1141 2730 dona
1173 2688 1374 2744 poneret?
1407 2689 1563 2732 Contra
1594 2692 1699 2731 dona
1729 2704 1753 2732 a
1786 2694 1908 2746 poeta
1939 2703 2029 2731 esse
2060 2703 2155 2744 pro-

565 2759 739 2810 fectum,
773 2761 842 2801 cui
875 2774 1003 2815 supra
1037 2761 1195 2815 scripta
1228 2761 1444 2802 annotatio
1472 2765 1564 2801 tura
1601 2762 1738 2813 (thura
1765 2760 1866 2803 dant
1893 2760 2072 2811 codices)
2109 2761 2154 2800 in

564 2833 729 2871 textum
764 2830 1023 2872 aberraverit
1056 2844 1262 2887 perquam
1295 2834 1358 2872 est
1389 2831 1637 2874 verisimile.

625 2900 705 2942 Sed
749 2901 852 2942 dum
896 2905 1103 2957 precatur,
1148 2906 1290 2944 metus
1332 2900 1545 2958 Sulpiciae
1587 2904 1809 2945 obiicitur:
1853 2904 1940 2958 qui,
1973 2904 2152 2959 quaeris.

567 2970 758 3013 Fortasse
789 2973 940 3022 inanis,
974 2974 1152 3014 minime
1185 2977 1326 3014 tamen
1360 2987 1383 3015 a
1415 2987 1459 3014 re
1493 2972 1679 3016 alienus:

747 3041 905 3093 Quodsi
938 3043 1044 3085 forte
1078 3042 1185 3085 alios
1218 3045 1303 3085 iam
1336 3057 1446 3085 nunc
1483 3045 1668 3099 suspirat
1700 3058 1878 3095 amoreS,

805 3112 923 3154 Tunc
956 3127 1101 3168 precor
1131 3113 1294 3164 infidos,
1329 3118 1483 3165 sancte,
1516 3113 1707 3170 relinque
1739 3115 1863 3158 focos.
