2320 3828
945 380 999 423 33

182 500 329 557 paelex
362 500 417 542 sit
451 503 608 550 exorta,
644 501 915 556 graviterque
948 508 989 544 et
1023 504 1166 545 acerbe
1200 504 1248 546 de
1281 519 1327 546 ea
1360 520 1401 547 re
1432 521 1527 547 cum
1558 506 1758 549 Cerintho

182 585 258 613 suo
287 570 540 626 expostulat.
569 570 765 612 Primum
795 573 894 613 novi
923 573 1108 627 epistolii
1136 574 1339 616 distichon
1371 578 1428 617 sic
1453 583 1515 617 est
1534 578 1758 619 traditum:

364 639 589 684 Gratumst
621 655 792 682 securus
826 641 1014 683 multum
1049 644 1157 698 quod
1190 647 1273 686 iam
1310 647 1386 687 tibi
1420 647 1469 688 de
1502 662 1568 688 me

425 711 657 761 permittis,
691 712 831 754 subito
863 727 912 754 ne
946 713 1054 755 male
1086 716 1227 770 inepta
1260 716 1417 758 cadam.

182 782 263 826 Sed
305 782 490 825 dubitari
529 784 679 837 nequit
719 784 819 838 quin
857 783 1056 825 Heinsius
1091 800 1163 840 pro
1190 788 1389 839 permittis
1421 790 1642 829 coniiciens
1670 804 1760 841 pru-

180 854 306 895 mittis
346 868 433 896 rem
478 867 555 895 acu
596 855 804 909 tetigerit.
852 854 960 896 Nam
995 856 1156 896 multum
1188 857 1264 896 sihi
1296 859 1342 897 (lc
1373 858 1506 912 aliquo
1532 860 1760 911 permittere

181 923 406 980 Belgicum
442 924 612 979 quidem
647 929 710 965 est
741 924 877 973 („zich
911 925 1005 966 veel
1038 933 1103 967 ten
1139 928 1326 981 opzichte
1360 942 1438 969 van
1473 929 1636 969 iemand
1672 943 1759 969 ver-

181 993 426 1047 oorloven’')
458 1000 499 1036 et
532 995 707 1036 fortasse
740 997 871 1036 etiam
905 995 1119 1037 Gallicum
1152 996 1527 1039 Germanicumve:
1560 999 1757 1040 Latinum

182 1080 264 1107 non
308 1070 384 1107 est.
427 1067 485 1106 At
518 1066 722 1118 promittis
755 1068 926 1121 egregie
959 1067 1040 1108 huc
1073 1068 1271 1122 quadrat:
1308 1069 1469 1109 nivellam
1502 1070 1577 1109 sibi
1609 1071 1655 1109 de
1687 1070 1760 1108 ali-

181 1151 254 1192 quo
278 1136 514 1189 promittere
545 1141 628 1178 est:
663 1138 823 1191 optima
856 1151 1044 1192 quaeque
1079 1138 1127 1179 de
1160 1138 1300 1193 aliquo
1334 1146 1584 1194 exspectare,
1618 1140 1757 1189 illum,

181 1207 386 1262 quidquid
429 1208 631 1257 evenerit,
675 1207 755 1248 sibi
798 1209 983 1248 amicum
1019 1222 1267 1249 mansurum
1302 1209 1464 1251 fidelem
1498 1211 1574 1250 sihi
1609 1197 1758 1251 hahere

179 1291 443 1333 persuasum.
486 1277 595 1329 Quid
637 1283 781 1319 autem
824 1277 1057 1333 Sulpiciam
1092 1286 1276 1321 nostram
1312 1283 1448 1335 magis
1483 1280 1599 1321 decet
1632 1295 1756 1336 quam

180 1347 431 1390 exclamatio
473 1347 569 1390 illa:
618 1353 859 1404 „gratumst
892 1349 1001 1404 quod
1036 1350 1112 1390 tibi
1144 1352 1227 1391 iam
1264 1350 1451 1392 multum
1485 1351 1534 1392 de
1567 1366 1633 1392 me
1668 1366 1759 1406 pro-

181 1417 378 1460 mittis’'?
420 1418 531 1460 Iram
575 1433 695 1460 suam
738 1421 873 1460 ironia
917 1420 1081 1475 obtegit
1119 1420 1344 1462 admodum
1379 1420 1604 1476 perlucida.
1651 1422 1757 1462 Nam

180 1504 279 1531 vcra
311 1490 411 1531 haec
443 1491 533 1531 eius
565 1504 684 1531 mens
716 1495 801 1531 est:
839 1490 1034 1545 ,‚perfide,
1070 1492 1182 1532 itane
1215 1491 1264 1532 de
1299 1497 1337 1532 te
1372 1490 1534 1532 merui?
1567 1493 1759 1532 haeccine

181 1574 297 1602 meae
327 1561 370 1601 in
404 1574 546 1602 amore
579 1562 836 1602 constantiae
870 1576 1027 1603 merces
1062 1568 1108 1602 ut
1140 1563 1225 1602 iam
1260 1562 1340 1603 alio
1370 1567 1409 1603 te
1436 1562 1634 1612 conferas,
1660 1577 1755 1602 cum

180 1632 258 1672 tibi
292 1633 348 1672 sit
378 1645 627 1686 persuasum
663 1646 731 1673 me
764 1646 814 1673 ne
848 1634 906 1674 sic
939 1632 1109 1687 quidem
1144 1637 1408 1687 peccaturam
1443 1632 1648 1673 rivalesve
1683 1633 1757 1673 tibi

178 1701 462 1757 praelaturam
475 1700 518 1743 ‘Z”

240 1772 363 1814 Nunc
395 1774 536 1815 omnia
568 1774 728 1828 optime
761 1788 804 1814 se
835 1773 1015 1815 habent:

361 1842 601 1893 Gratumst,
636 1858 807 1885 securus
840 1843 1028 1885 multum
1062 1844 1171 1899 quod
1203 1846 1288 1885 iam
1322 1845 1399 1885 tibi
1432 1844 1480 1885 de
1514 1857 1581 1885 me

420 1915 643 1957 Promittis
676 1915 816 1956 subito
847 1930 898 1956 ne
931 1914 1041 1956 male
1073 1917 1214 1970 inepta
1246 1914 1387 1956 cadam

178 1986 410 2029 dummodo
436 1986 704 2028 recordemur
725 2000 829 2041 quae
847 1986 915 2027 hic
932 1985 1143 2040 loquatur.
1175 1988 1319 2027 Artem
1339 1987 1450 2026 enim
1469 1984 1680 2039 Sulpiciae
1698 2009 1752 2015 —-

178 2059 214 2099 si
246 2062 357 2099 recte
389 2057 457 2098 hic
491 2056 540 2098 de
573 2062 660 2098 arte
690 2056 908 2112 loquimur
940 2082 994 2087 ——
1028 2071 1149 2098 nemo
1182 2070 1367 2111 unquam
1402 2055 1551 2096 salsius
1586 2056 1756 2095 rectius-

177 2142 258 2184 que
291 2127 509 2182 descripsit
541 2142 669 2183 quam
702 2126 935 2182 Gruppius‚
969 2126 1179 2182 singulari
1212 2128 1403 2168 acumine
1434 2127 1513 2174 vir,
1547 2126 1617 2180 qui
1648 2139 1756 2165 nunc

176 2201 288 2240 iusto
325 2200 463 2254 magis
497 2200 783 2240 contemnitur
816 2198 1159 2254 negligiturque:
1197 2198 1444 2247 „muliebrem
1476 2211 1679 2237 sermonem
1712 2197 1753 2236 in

176 2270 369 2311 versibus
410 2271 500 2310 eius
541 2271 712 2326 agnosci
750 2269 858 2310 dixit
891 2269 1011 2318 (,‚das
1047 2268 1265 2310 weibliche
1300 2266 1510 2317 Latein’').
1557 2267 1664 2307 Nam
1699 2268 1756 2306 sic

175 2354 240 2382 res
272 2354 315 2381 se
346 2340 495 2381 habet:
530 2354 677 2381 versus
710 2340 842 2381 facere
875 2339 974 2394 quid
1009 2340 1063 2380 sit
1099 2339 1207 2379 haud
1241 2340 1417 2393 ignorat,
1447 2337 1515 2378 sed
1545 2352 1624 2377 non
1653 2350 1757 2377 sem-

177 2424 250 2466 per
280 2411 449 2452 invenit
479 2410 523 2452 id
556 2410 667 2465 quod
701 2411 910 2466 praesenti
943 2411 1002 2451 rei
1035 2411 1089 2450 sit
1123 2410 1415 2464 aptissimum;
1452 2407 1610 2448 accedit
1643 2405 1754 2460 qno-l

175 2485 293 2523 tanto
335 2482 544 2536 abripitur
586 2481 730 2523 ardore
774 2486 822 2522 ut
867 2482 1037 2521 sibimet
1080 2481 1324 2534 imperitare
1358 2483 1556 2532 nequeat:
1593 2479 1679 2517 sni„¹
1713 2491 1755 2517 se

176 2552 317 2594 verbis
357 2551 551 2607 impedit,
584 2552 728 2593 haeret
760 2551 988 2601 interdum,
1024 2551 1192 2591 titubat.
1228 2549 1289 2590 Ex
1325 2550 1426 2603 ipsis
1461 2550 1550 2589 eius
1583 2551 1755 2601 apparet

175 2623 314 2665 verbis
347 2622 390 2663 id
424 2623 533 2677 quod
568 2623 694 2664 modo
723 2622 928 2671 dicebam,
958 2635 1113 2671 veram,
1145 2635 1269 2675 quam
1298 2622 1341 2660 in
1371 2618 1580 2674 plerisque
1609 2617 1755 2672 elegiis

174 2694 332 2735 frustra
364 2695 620 2749 quaerimus,
652 2695 695 2734 in
729 2692 935 2748 epistoliis
967 2692 1054 2733 illis
1083 2693 1239 2746 spirare
1272 2692 1416 2731 vitam.
1452 2688 1578 2729 Velut
1607 2688 1673 2728 hic
1698 2689 1755 2728 sic

176 2767 275 2805 sunt
316 2764 532 2820 iungenda
565 2765 714 2806 verba:
748 2779 907 2804 securus
938 2779 986 2803 ne
1020 2763 1166 2811 eadam,
1202 2765 1250 2802 ut
1281 2774 1437 2801 securus
1470 2760 1523 2799 sit
1558 2759 1756 2811 accipien-

174 2834 275 2875 dum
319 2838 538 2889 tamquam
583 2836 618 2875 si
660 2839 769 2876 esset
810 2848 887 2874 non
929 2833 1086 2882 annius,
1122 2848 1197 2872 ozon
1230 2836 1410 2878 onerum-52,
1446 2832 1657 2869 structura
1690 2827 1755 2867 ad-

174 2905 349 2946 modum
383 2909 574 2947 contorta
606 2914 648 2946 et
677 2903 862 2946 insolita.

233 2974 323 3016 Iam
367 2989 472 3030 quae
517 2977 573 3017 sit
616 2975 690 3016 illa
733 2973 946 3029 Sulpiciae
989 2972 1167 3020 aemula,
1203 2976 1311 3013 certe
1346 2969 1510 3025 qualem
1549 2969 1627 3008 sihi
1661 2982 1752 3009 eam

172 3045 307 3101 fingat
339 3045 527 3100 Sulpicia
559 3045 660 3101 quid
693 3042 963 3100 quaerimus?
996 3043 1089 3097 Ipsa
1122 3042 1311 3097 loquitur
1344 3053 1431 3081 res:
1468 3054 1488 3080 e
1522 3040 1630 3079 faece
1663 3053 1754 3079 11111-

171 3115 328 3157 lierum
360 3130 449 3157 esse
483 3116 620 3158 debet.
656 3115 774 3167 Quod
808 3116 865 3155 sic
901 3113 1066 3168 Sappho
1101 3119 1241 3154 nostra
1277 3111 1482 3153 declarat:

1545 3190 1563 3219 :3
