2320 3828
952 382 1006 425 57

746 693 964 723 SULPICIAE
996 694 1213 725 EPISTOLIA

343 773 491 811 QUIBUS
522 774 578 803 AD
611 772 858 805 CANTANDOS
889 774 1107 805 SULPICIAE
1139 776 1419 813 CERINTHIQUE
1451 776 1616 807 AMonES

849 884 1126 927 TIBULLUS

879 1018 982 1049 USUS
1014 1019 1088 1050 EST

553 1110 614 1161 (in
648 1109 904 1150 editionibus
936 1108 1095 1151 Tibulli
1129 1110 1196 1160 IV,
1232 1110 1410 1155 7—12›.

972 1255 1004 1296 Ι.

193 1336 264 1388 IV,
297 1337 324 1379 8
349 1337 377 1389 ¹)

374 1407 543 1449 Invisus
575 1407 729 1449 natalis
746 1409 779 1459 2)
811 1407 941 1459 adest,
975 1410 1047 1463 qui
1080 1423 1174 1450 rure
1208 1407 1384 1450 molesto

436 1478 490 1519 Et
522 1479 611 1520 sine
645 1477 844 1521 Cerintho
878 1480 1010 1520 tristis
1042 1479 1230 1534 agendus
1260 1481 1352 1520 erit.

377 1549 555 1591 Dulcius
588 1549 691 1590 urbe
724 1549 826 1604 quid
860 1548 950 1592 est?
983 1564 1034 1591 an
1069 1549 1172 1592 villa
1205 1552 1258 1590 sit
1290 1554 1387 1604 apta
1419 1549 1584 1605 puellae

438 1621 577 1676 Atque
610 1621 796 1662 Arretini
828 1621 1008 1676 frigidus
1040 1623 1176 1662 amnis
1208 1622 1300 1676 agri
1321 1619 1380 1672 ³)?

377 1691 481 1741 Iam,
516 1693 703 1733 nimium
738 1691 919 1734 Messala
952 1694 1036 1734 mei
1070 1692 1269 1741 studiose,
1303 1693 1490 1747 quiescas

439 1762 532 1804 Non
564 1765 818 1818 tempestiva
850 1767 926 1814 est,
960 1778 1081 1805 saeve
1114 1765 1358 1819 propinque,
1392 1764 1461 1804 via
1478 1761 1512 1813 ⁴¹)

380 1833 461 1876 Hic
493 1835 685 1875 animum
718 1848 946 1890 sensusque
979 1848 1094 1876 meos
1126 1833 1303 1876 abducta
1335 1832 1539 1887 relinquo,

442 1905 626 1947 Arbitrio
658 1907 856 1960 quamvis
875 1904 907 1957 5)
940 1920 1019 1947 non
1053 1906 1154 1946 sinis
1188 1919 1275 1946 esse
1309 1918 1415 1945 meo.

964 2225 1017 2266 ΙΙ.

199 2315 269 2367 IV,
305 2316 330 2358 9

381 2387 470 2430 Scis
501 2390 582 2430 iter
614 2402 665 2430 ex
697 2389 836 2429 animo
868 2387 1082 2429 sublatum
1119 2389 1238 2428 triste
1272 2383 1462 2442 puellae?

441 2458 586 2501 Natali
619 2459 774 2501 Romae
806 2461 892 2501 iam
924 2458 1021 2500 lieet
1054 2472 1142 2500 esse
1174 2472 1249 2499 suo
1270 2457 1317 2508 ⁰),

382 2530 590 2572 Omnibus
620 2529 693 2572 ille
726 2530 814 2572 dies
848 2530 967 2572 nobis
997 2528 1177 2584 genialis
1199 2528 1229 2579 ἵ)
1248 2532 1399 2584 agetur
1418 2527 1465 2576 εἶ),

442 2601 525 2653 Qui
557 2615 631 2643 neo
664 2602 852 2656 opinanti
884 2615 993 2642 nuno
1026 2601 1104 2641 tibi
1138 2600 1244 2641 forte
1280 2600 1406 2640 venit.

250 2765 280 2805 1)
306 2767 350 2796 De
373 2766 496 2796 mutato
520 2763 741 2805 epistoliorum
766 2762 875 2794 ordine
900 2772 928 2793 v.
953 2772 981 2803 p.
1009 2761 1058 2792 29.

247 2822 279 2860 2)
303 2819 406 2861 Ipsius
430 2819 587 2861 Sulpiciae
611 2829 639 2850 v.
664 2829 693 2860 p.
720 2819 772 2848 30.

248 2877 281 2915 3)
303 2873 580 2915 Arretini—agri
607 2884 634 2904 v.
662 2884 692 2915 p.
719 2873 772 2903 30.

248 2932 280 2970 4)
306 2931 350 2960 De
374 2929 433 2960 hoc
457 2939 548 2959 versu
573 2928 611 2960 cf.
636 2939 666 2970 p.
704 2928 754 2958 30.
769 2937 814 2968 sq.

250 2986 282 3024 5)
306 2983 445 3026 quamvis
469 2994 497 3014 v.
521 2994 551 3025 p.
578 2983 628 3014 31.

250 3040 282 3079 6)
305 3049 360 3070 suo
384 3049 412 3071 v.
438 3049 466 3080 p.
495 3038 547 3070 31.

250 3094 282 3133 7)
306 3104 335 3125 v.
359 3104 388 3135 p.
416 3094 455 3123 31
470 3103 516 3134 sq.

252 3151 284 3190 8)
307 3152 422 3191 affetur
446 3159 473 3179 v.
497 3159 526 3190 p.
554 3148 608 3179 32.
