2320 3828
957 371 1010 413 21

190 504 286 532 mus
319 490 417 545 quid
445 503 519 544 pro
551 491 664 544 quod,
698 504 720 531 a
753 490 906 533 codicis
941 491 1263 550 Guelferbytani
1298 497 1477 538 secunda
1511 512 1637 540 manu
1674 501 1765 548 „in—

190 560 484 616 terpolatrice''
528 565 634 613 optet
676 575 750 615 pro
792 566 914 614 optat,
959 566 1223 618 aptissimam
1267 580 1288 608 e
1334 569 1512 610 tenebris
1554 570 1596 610 in
1630 569 1767 611 lucem

189 631 483 674 reduxerimus
517 631 623 672 hanc
656 633 867 686 protasin:

373 701 612 756 Praecipiat
642 705 763 743 natae
794 707 930 744 mater
962 704 1148 746 studiosa
1181 706 1281 760 quid
1317 712 1433 763 optet

188 774 231 815 in
275 786 356 827 qua
398 785 532 813 unum
575 773 703 813 etiam
739 777 868 814 restat
902 774 1157 816 vocabulum
1192 777 1241 818 de
1274 792 1354 832 quo
1390 793 1519 833 pauca
1553 780 1766 823 dicamus:

186 843 376 885 studiosa.
410 842 582 884 Leniter
613 843 691 884 hoc
724 843 909 898 epitheto
942 845 1095 885 ridetur
1128 847 1231 888 bona
1266 854 1422 890 mator:
1459 852 1492 890 is
1525 852 1636 891 enim
1667 850 1767 892 locis

187 913 322 970 qualis
356 913 425 955 hic
457 916 520 954 est
551 913 752 954 studiosus
780 913 947 963 dicitur,
978 916 1050 969 qui
1078 917 1377 972 intempestiva
1407 934 1504 961 cura
1531 920 1768 976 diligentia-

187 998 267 1040 que
299 998 341 1025 se
374 997 520 1025 eorum
548 985 760 1025 immiscet
787 986 984 1039 negotiis,
1014 987 1086 1040 qui
1114 988 1195 1040 ipsi
1224 989 1349 1042 probe
1380 996 1532 1031 norunt
1560 991 1659 1045 quid
1687 992 1764 1032 sibi

185 1056 242 1096 sit
273 1054 500 1110 agendum,
530 1054 684 1109 quibus
712 1053 842 1095 nullis
868 1069 972 1109 opus
1001 1056 1085 1096 iam
1117 1061 1179 1098 est
1208 1060 1419 1100 tutoribus
1448 1062 1764 1116 magistrisque.

185 1123 318 1167 Paulo
361 1129 455 1180 post
496 1125 573 1166 hac
615 1125 906 1166 observatione
951 1130 1121 1167 utemur
1155 1128 1205 1169 ad
1238 1143 1406 1170 versum
1440 1131 1647 1185 quendam
1679 1146 1765 1173 cor-

183 1199 360 1250 ruptum
407 1195 655 1246 sanandum,
705 1209 814 1237 nunc
862 1196 981 1237 nobis
1029 1198 1115 1238 iam
1158 1197 1293 1241 elucet
1335 1203 1505 1256 egregie
1549 1216 1645 1243 cum
1691 1201 1764 1244 illo

182 1267 362 1308 studiosa
393 1267 717 1308 coniunctivum
750 1268 1041 1308 concessivum
1066 1269 1296 1322 praecipiad
1330 1272 1466 1327 iungi.

246 1337 468 1379 Habemus
499 1338 686 1392 protasin

365 1408 601 1463 Praecipiat
634 1412 756 1449 natae
789 1411 922 1449 mat-er
954 1408 1140 1451 studiosa
1174 1410 1273 1465 quid
1307 1415 1434 1466 optet.

247 1478 295 1520 In
329 1478 500 1534 apodosi

427 1548 506 1591 Illa
538 1548 653 1590 aliud
687 1550 815 1591 tacita
1126 1555 1266 1593 mente
1299 1556 1421 1607 rogat

187 1634 364 1676 parvam
406 1619 660 1675 reliquimus
700 1619 911 1672 lacunam,
955 1635 1059 1676 quae
1093 1622 1301 1676 quomodo
1333 1624 1387 1664 sit
1418 1623 1648 1678 supplenda
1680 1626 1765 1666 iam

185 1691 418 1734 videamus.
467 1690 531 1732 Ad
578 1705 749 1733 sensum
798 1691 907 1733 nihil
954 1692 1081 1742 deest,
1130 1692 1224 1734 addi
1269 1695 1564 1736 tantummodo
1607 1694 1766 1749 aliquid

184 1765 322 1818 potest
355 1761 467 1817 quod
499 1776 599 1803 eum
631 1765 815 1812 exornet,
848 1761 1048 1813 illustret,
1084 1763 1333 1805 corroboret.
1368 1764 1488 1805 Nihil
1521 1765 1674 1806 horum
1705 1771 1767 1807 est

184 1835 224 1875 in
260 1833 504 1874 Baehrensii
536 1834 776 1875 coniectura
800 1834 877 1873 icem
906 1838 988 1874 ίῑιιι.
1021 1833 1157 1875 Immo
1186 1848 1283 1876 vero
1313 1848 1436 1875 sensu
1465 1849 1630 1876 cassum
1657 1835 1765 1877 illud

184 1907 258 1954 est,
304 1908 379 1945 aut
421 1907 531 1945 certe
574 1903 697 1958 plane
738 1918 1064 1959 supervacuum.
1110 1905 1173 1945 An
1221 1906 1377 1946 iterum
1411 1919 1559 1947 sumus
1592 1906 1765 1948 docendi

182 1974 416 2030 Sulpiciam
458 1976 533 2016 uni
575 1974 728 2016 Iunoni
771 1975 915 2017 Natali
958 1977 1131 2029 eiusque
1165 1975 1363 2017 sacrificio
1397 1980 1582 2018 mentem
1615 1977 1766 2019 habere

182 2043 397 2087 deditam?
445 2045 563 2097 Quod
604 2060 655 2087 ne
700 2060 849 2087 verum
894 2046 1066 2101 quidem
1109 2050 1192 2087 est:
1239 2048 1433 2101 quamvis
1477 2048 1589 2088 enim
1619 2050 1764 2103 magni

182 2116 308 2158 faciat
350 2116 470 2158 deam
511 2115 646 2166 illam,
691 2115 825 2171 pluris
859 2118 911 2166 ei,
946 2122 994 2158 ut
1027 2118 1186 2171 opinor,
1222 2115 1447 2159 Cerinthus
1481 2132 1581 2158 suus
1616 2122 1691 2168 est,
1725 2123 1766 2159 et

182 2189 225 2229 in
265 2188 358 2242 ipsa
400 2201 444 2228 re
487 2186 632 2229 divina
674 2186 863 2228 facienda
906 2187 955 2228 de
1000 2201 1075 2228 suo
1109 2200 1249 2228 amore
1283 2189 1555 2242 potissimum
1589 2189 1762 2243 cogitat.

183 2258 237 2300 Et
269 2259 304 2299 si
337 2271 490 2300 verum
522 2262 644 2308 esset,
678 2271 752 2299 cur
783 2258 851 2299 hic
884 2256 992 2299 illud
1027 2257 1457 2299 commemoraretur?
1493 2258 1606 2300 Eane
1639 2272 1764 2300 causa

183 2332 246 2371 est
278 2343 352 2370 cur
385 2327 502 2370 aliud
533 2327 620 2369 filia
651 2331 776 2383 roget
807 2341 934 2383 quam
969 2326 1132 2369 mater?
1175 2328 1229 2369 Et
1263 2343 1416 2369 causam
1450 2328 1516 2369 hic
1548 2343 1636 2370 esse
1671 2329 1765 2371 affe-

182 2399 356 2442 rendam
398 2414 473 2441 cur
515 2413 590 2441 suo
622 2400 720 2451 „iure
763 2412 786 2440 a
830 2403 966 2440 mat-re
1009 2398 1095 2440 filia
1129 2398 1347 2440 dissentiat
1381 2400 1474 2453 quis
1507 2414 1585 2441 non
1621 2397 1763 2441 videt?

184 2470 357 2512 Utinam
404 2470 472 2512 hic
517 2470 633 2512 istud
679 2469 876 2511 mutandi
923 2469 1113 2511 studium
1162 2471 1425 2524 repressisset
1470 2469 1762 2519 Baebi-ensius,

180 2555 278 2582 nam
311 2540 424 2595 quod
457 2540 629 2581 codicum
663 2554 868 2581 consensus
896 2540 1066 2594 praebet
1092 2541 1233 2594 ipsum
1260 2538 1368 2580 illud
1398 2544 1459 2580 est
1488 2540 1597 2594 quod
1626 2538 1761 2582 solum

179 2613 267 2653 iam
298 2626 395 2653 cum
428 2612 658 2653 sententiae
691 2610 980 2652 emolumento
1014 2611 1145 2665 possit
1179 2609 1297 2651 addi:
1333 2610 1409 2649 iam
1440 2625 1525 2651 sua.

361 2682 601 2737 Praecipiat
632 2685 754 2723 natae
788 2685 922 2723 mater
955 2680 1142 2722 studiosa
1174 2680 1273 2735 quid
1307 2683 1437 2734 optet,

420 2751 499 2794 Illa
531 2751 649 2794 aliud
682 2753 822 2802 tacita,
855 2753 941 2793 iam
977 2765 1064 2801 sua,
1101 2754 1240 2792 mente
1274 2754 1408 2805 rogat.

239 2822 532 2878 Quidquamne
564 2826 729 2878 poterat
761 2823 991 2877 excogitari
1025 2821 1135 2876 quod
1168 2820 1317 2862 salsius
1347 2825 1455 2862 esset
1482 2822 1759 2875 iocosiusque,

177 2894 342 2948 ipsique
376 2894 436 2934 rei
469 2893 518 2934 de
550 2907 632 2948 qua
659 2894 804 2948 agitur
830 2889 1217 2934 accommodatius?
1247 2890 1375 2931 Adest
1405 2890 1603 2932 sacrificio
1633 2892 1761 2932 etiam

177 2968 314 3004 mater
356 2962 513 3012 sedula,
555 2967 609 3013 et,
653 2962 1010 3018 quemadmodum
1045 2961 1132 3002 fieri
1165 2960 1284 3009 solet,
1320 2959 1429 3001 filiae
1466 2962 1600 3014 praeit
1634 2961 1761 3002 verba

177 3047 294 3084 anus,
336 3033 490 3076 talium
531 3048 689 3084 rerum,
734 3038 782 3074 ut
825 3035 915 3088 ipsa
959 3036 1094 3088 putat,
1130 3032 1408 3086 peritissima-3
1443 3045 1523 3072 non
1556 3030 1762 3086 intelligit

175 3118 303 3159 quam
335 3106 689 3160 intempestivum
722 3104 838 3146 istud
870 3105 926 3144 sit
958 3102 1171 3152 studium3
1207 3116 1302 3151 non,
1338 3100 1489 3151 hercle,
1526 3103 1564 3142 ei
1597 3115 1661 3143 res
1697 3104 1760 3142 est
