2320 3828
1300 365 1356 407 58

1292 907 1366 950 III.

532 1025 601 1075 IV,
640 1027 693 1067 10

712 1097 895 1141 Gratum
930 1104 1006 1150 est,
1039 1114 1211 1141 securus
1247 1100 1435 1142 multum
1471 1100 1581 1156 quod
1614 1102 1700 1142 iam
1734 1102 1813 1142 tibi
1847 1101 1896 1143 de
1930 1116 2000 1144 me

773 1170 998 1212 Promittis
1023 1170 1050 1223 ¹)
1084 1172 1225 1213 subito
1258 1187 1308 1214 ne
1329 1170 1361 1224 2)
1394 1171 1506 1214 male
1538 1173 1683 1227 inepta
1715 1172 1877 1215 cadam.

711 1241 777 1283 Sit
808 1243 889 1283 tibi
921 1256 1021 1284 cura
1057 1247 1180 1298 togae
1212 1245 1351 1298 potior
1381 1257 1658 1299 pressumque
1690 1243 1872 1299 quasillo
1892 1243 1924 1296 3)

771 1313 969 1355 Scortum
1004 1328 1132 1369 quam
1165 1314 1286 1356 Servi
1318 1313 1404 1355 filia
1435 1314 1616 1370 Sulpicii
1636 1314 1669 1364 4)

711 1384 892 1426 soniciti
924 1390 1024 1427 sunt
1056 1400 1131 1440 pro
1167 1386 1300 1436 nobis,
1334 1387 1487 1441 quibus
1519 1384 1594 1427 illa
1628 1385 1796 1435 doloris,

771 1456 835 1498 No
868 1457 1014 1499 cedam
1046 1459 1196 1513 ignoto
1229 1459 1417 1499 maxima
1449 1471 1573 1499 causa
1607 1461 1699 1499 toro
1719 1456 1767 1509 5).

1295 2069 1365 2111 IV.

528 2190 598 2242 IV,
637 2191 687 2232 11
1743 2228 1747 2230 ,

710 2262 840 2304 Estne
873 2262 966 2312 tibi,
1002 2261 1214 2314 Cerinthe,
1249 2267 1347 2304 tuae
1379 2263 1448 2318 pia
1480 2275 1580 2303 cura
1612 2261 1778 2317 puellae

771 2333 890 2386 Quod
925 2348 1019 2375 mea
1051 2349 1163 2376 nunc
1194 2338 1323 2377 vexat.
1355 2347 1526 2389 corpora
1558 2333 1666 2375 fessa
1699 2330 1840 2375 calor?

710 2405 790 2455 Ah,
825 2420 905 2461 ego
938 2420 1018 2447 non
1053 2405 1178 2448 aliter
1209 2407 1352 2447 tristes
1384 2406 1578 2447 evincere
1598 2403 1631 2457 6)
1665 2404 1834 2446 morbos

770 2475 978 2532 Optarim,
1012 2491 1138 2532 quam
1174 2481 1215 2518 te
1249 2478 1282 2518 si
1318 2475 1536 2532 quoque⁷)
1568 2474 1680 2518 velle
1713 2479 1876 2531 putem.

710 2548 765 2589 At
798 2548 906 2589 mihi
940 2548 1041 2603 quid
1075 2550 1210 2604 prosit
1242 2548 1410 2589 morbos
1444 2548 1636 2589 evincere
1670 2561 1800 2602 quom
1834 2550 1882 2588 tu

770 2618 923 2661 Nostra
955 2624 1076 2675 potes
1106 2619 1223 2661 lento
1257 2623 1424 2674 pectore
1457 2619 1564 2660 ferre
1596 2616 1736 2659 maht?

574 2804 604 2843 l)
629 2803 795 2834 Promittis
820 2814 847 2834 v.
873 2813 902 2844 p.
929 2804 980 2834 323.

572 2859 604 2897 2)
628 2869 666 2889 ne
691 2859 727 2889 do
751 2860 911 2889 structura
937 2859 1087 2901 impedita
1113 2870 1140 2890 v.
1166 2870 1196 2900 p.
1225 2860 1276 2890 33.

573 2915 604 2951 3)
626 2923 763 2953 pressum
788 2914 939 2954 quasillo:
966 2914 1082 2945 locutio
1103 2924 1215 2956 parum
1241 2916 1313 2956 apta
1339 2924 1369 2946 v.
1393 2925 1423 2956 p.
1450 2915 1501 2944 34.

573 2971 592 3000 4
620 2969 751 3010 Swlpicii
776 2979 804 3000 v.
831 2980 860 3010 p.
887 2969 927 2999 34

573 3028 604 3064 5)
629 3025 676 3056 De
701 3024 852 3065 impedita
879 3024 971 3055 huius
994 3024 1053 3055 loci
1079 3026 1242 3055 structura
1269 3035 1297 3056 v.
1324 3035 1353 3065 p.
1381 3026 1434 3056 34.

573 3080 605 3118 6)
633 3081 676 3110 De
702 3079 859 3110 locutione
885 3089 996 3121 parum
1022 3081 1095 3120 apta
1121 3090 1147 3110 v.
1174 3089 1205 3120 p.
1231 3080 1284 3110 35.

573 3134 602 3173 7)
630 3136 672 3165 De
697 3134 806 3165 ordine
833 3133 1000 3165 verborum
1026 3133 1153 3165 turbato
1178 3145 1206 3165 v.
1233 3145 1262 3176 p.
1290 3135 1341 3165 35.
