2320 3828
1287 356 1344 398 22

514 497 610 525 cum
646 481 740 523 rudi
773 479 917 536 puella
949 492 1055 534 quae
1088 477 1272 520 docenda
1305 478 1437 519 etiam
1471 481 1512 520 et
1539 491 1671 520 manu
1700 477 1889 520 ducenda
1917 479 1996 528 sit3
2027 479 2114 519 iam

514 553 660 596 adulta
702 556 763 594 est
808 550 880 592 illa
923 554 965 592 et
1006 551 1051 590 in
1088 549 1167 590 hoc
1200 551 1312 590 certe
1345 549 1517 604 negotio
1549 550 1641 604 ipsa
1673 552 1810 591 matre
1844 548 1981 591 multo
2013 563 2115 604 pru-

513 625 697 666 dentior:
744 626 878 663 matre
921 635 1026 676 opus
1068 634 1151 662 non
1196 624 1281 661 est:
1331 621 1529 674 quamvis
1572 619 1711 661 multa
1750 619 1827 661 illa
1866 620 2114 675 praecipiat,

512 695 639 750 probe
672 694 790 734 novit
821 691 908 733 filia
942 691 1095 746 quibus
1128 704 1239 731 1111116
1275 703 1379 744 opus
1410 691 1466 731 sit
1497 690 1706 745 precibus.
1741 690 1938 732 Etenim:

695 762 860 812 Uritur,
895 766 943 803 ut
976 761 1131 803 celeres
1165 764 1296 802 urunt
1329 759 1478 802 altaria
1510 759 1721 812 fiammae,

753 833 852 883 Nec,
886 833 1011 874 liceat
1045 832 1258 887 quamvis,
1294 844 1394 873 sana
1427 831 1556 873 fuisse
1589 831 1708 874 velit.

511 906 823 948 Venustissime
869 905 928 945 sic
972 906 1097 958 poeta
1131 903 1267 945 variat
1301 901 1413 957 quod
1445 901 1571 944 modo
1605 900 1675 954 (el.
1711 915 1846 958 praec.
1882 916 1944 945 vs.
1980 901 2004 943 5
2035 905 2114 957 sq.)

510 979 650 1032 ipsam
687 975 925 1031 Sulpiciam
958 974 1058 1016 fecit
1092 973 1391 1016 confitentem:

696 1047 806 1088 Uror
839 1059 917 1101 ego
954 1054 1051 1087 ante
1084 1044 1211 1086 alias:
1247 1044 1360 1085 iuvat
1393 1044 1484 1094 hoc,
1518 1041 1732 1095 Cerintho,
1769 1045 1873 1099 quod
1903 1058 2011 1084 uror.

513 1119 603 1160 Iam
631 1117 739 1159 nihil
770 1117 835 1159 his
863 1116 960 1159 addi
989 1120 1129 1171 potest
1155 1119 1321 1171 praeter
1351 1120 1494 1170 aptam
1523 1113 1758 1157 clausulam
1774 1128 1783 1164 3
1809 1116 1948 1170 aptior
1965 1118 2112 1156 autem

513 1189 631 1231 nulla
675 1190 854 1245 cogitari
899 1191 1040 1244 potest
1083 1201 1212 1243 quam
1257 1201 1340 1242 qua
1383 1190 1508 1242 poeta
1540 1200 1563 1228 a
1597 1185 1673 1228 dea
1704 1189 1822 1241 petat
1856 1190 1906 1228 ut
1939 1200 1981 1228 se
2013 1186 2115 1228 huic

515 1261 650 1302 amori
679 1273 808 1315 quam
839 1260 1026 1301 maxime
1055 1259 1252 1314 praebeat
1279 1259 1523 1314 propitiam.
1558 1257 1612 1298 Et
1640 1256 1771 1299 talem
1790 1257 1840 1299 ab
1858 1271 1905 1299 eo
1922 1257 2110 1298 additam

514 1332 643 1373 fuisse
687 1330 924 1372 clausulam
970 1331 1214 1372 etiamnunc
1248 1333 1443 1384 apparet:
1478 1332 1677 1384 corrupta
1709 1329 1823 1370 enim
1857 1331 1958 1369 sunt
1989 1341 2112 1370 voca-

519 1401 620 1444 bula
653 1402 723 1444 sed
758 1401 829 1444 vel
862 1403 921 1443 sic
954 1400 1144 1457 perlucet
1179 1402 1401 1443 sententia.
1435 1399 1661 1442 Traditum
1693 1402 1779 1441 est:

699 1473 744 1515 Si
776 1474 924 1515 iuveni
955 1475 1080 1528 grata
1114 1472 1257 1514 veniet
1290 1486 1389 1514 cum
1424 1473 1644 1527 proximus
1677 1484 1811 1512 annus

760 1543 843 1585 Hic
877 1543 990 1585 idem
1023 1543 1136 1585 votis
1171 1544 1257 1584 iam
1291 1545 1415 1584 vetus
1449 1545 1558 1584 esset
1590 1555 1709 1583 amor

520 1616 600 1656 nisi
643 1614 754 1670 quod
800 1615 939 1669 priore
981 1627 1106 1656 versu
1150 1613 1278 1656 codex
1323 1613 1356 1655 F
1398 1613 1526 1655 habet
1568 1612 1623 1653 sis
1656 1611 1864 1653 inveniet
1898 1610 1986 1653 cod.
2021 1609 2060 1653 Gr
2092 1624 2115 1652 a

519 1700 648 1728 manu
691 1685 872 1727 secunda
913 1685 966 1726 sit
1010 1685 1159 1726 iuveni.
1207 1685 1481 1726 Pentameter
1514 1687 1683 1725 tantum
1717 1697 1798 1725 11011
1831 1696 1970 1732 sanus,
2004 1686 2115 1724 certe

518 1757 640 1800 facile
683 1756 971 1813 persanandus
1002 1756 1223 1798 lenissima
1255 1756 1500 1798 Baehreusii
1533 1754 1756 1805 medicina,
1789 1755 2006 1808 ingeniose
2039 1767 2115 1808 pro

519 1834 615 1871 68861
663 1829 903 1884 reponentis
952 1831 1089 1869 exstet.
1139 1826 1258 1868 Idem
1301 1831 1414 1868 ratus
1456 1826 1676 1881 proposuit
1719 1839 1795 1880 pro
1837 1829 1960 1874 vetus,
2005 1823 2117 1879 quod

519 1899 672 1942 melius
701 1903 789 1941 erat
814 1913 898 1941 11011
927 1903 1114 1954 tangere.
1151 1897 1212 1940 De
1241 1912 1338 1939 novo
1367 1897 1434 1938 die
1464 1897 1598 1939 natali
1625 1897 1787 1952 cogitat
1813 1899 1951 1951 poeta,
1979 1909 2117 1937 11011116

519 1972 774 2012 facetissime
807 1973 1005 2025 precatur
1037 1973 1085 2011 ut
1119 1969 1208 2011 dies
1239 1968 1312 2011 ille
1345 1973 1509 2010 veterem
1540 1969 1732 2010 inveniat
1764 1964 1980 2009 amorem?
2011 1966 2119 2008 Vota

519 2041 699 2084 efficient
731 2045 780 2083 111
813 2040 910 2083 talis
945 2045 1069 2082 exstet
1100 2040 1188 2091 ille,
1223 2040 1333 2096 quod
1361 2039 1488 2095 paulo
1516 2038 1672 2081 melius
1701 2052 1830 2094 quam
1858 2037 2118 2080 deteriorum

519 2112 644 2154 lectio
678 2112 785 2153 adsit
821 2143 981 2154 ......
1017 2110 1097 2153 Sed
1128 2110 1230 2152 dum
1259 2111 1395 2152 scribo
1422 2110 1537 2160 haec,
1566 2109 1760 2152 dubitare
1787 2109 1960 2163 incipio.
1995 2106 2119 2150 Certe

522 2187 645 2223 eavstet
687 2181 809 2224 facile
852 2183 894 2223 in
938 2187 1038 2223 esset
1082 2183 1225 2237 potuit
1271 2182 1502 2236 corrumpi,
1550 2180 1621 2222 sed
1655 2181 1852 2221 minusne
1886 2177 2119 2220 verisimile

520 2253 630 2294 illud
659 2257 756 2293 6886ύ
783 2266 833 2294 ex
862 2254 961 2294 assit
988 2251 1370 2308 (quemadmodum
1398 2251 1653 2307 plerumque
1682 2264 1757 2305 pro
1776 2249 1886 2290 adsit
1903 2249 2119 2300 scribitur)

523 2328 672 2366 natum
706 2323 823 2366 esse?
856 2324 913 2366 Et
945 2338 1082 2366 nonne
1115 2325 1259 2380 ipsum
1291 2322 1404 2364 illud
1432 2323 1541 2363 adsit
1569 2326 1737 2364 tantum
1764 2335 1848 2362 non
1875 2317 2118 2376 flagitatur?

524 2395 626 2438 Post
668 2409 827 2436 aunum
870 2395 1006 2437 denuo
1050 2395 1154 2437 Iuno
1198 2394 1365 2436 Natalis
1407 2393 1688 2442 invocabitur,
1722 2391 1940 2447 praebebit
1972 2403 2118 2432 aurem

523 2466 730 2520 precibus,
766 2465 838 2507 sed
870 2479 999 2515 amor,
1034 2479 1140 2520 quae
1173 2479 1284 2507 nunc
1316 2464 1543 2507 invocandi
1575 2477 1701 2505 causa
1741 2488 1797 2493 —-
1835 2463 1939 2503 abest
1974 2465 2118 2503 autem

525 2535 835 2591 quodammodo
877 2535 965 2587 ille,
1010 2535 1217 2591 quamdiu
1248 2535 1391 2577 lentus
1426 2533 1658 2578 Cerinthus
1693 2558 1749 2565 —-
1783 2537 1883 2575 tunc
1915 2532 2047 2574 aderit
2077 2535 2120 2574 et

525 2607 659 2648 aderit
685 2612 804 2658 66ί7ι8,
833 2612 983 2663 utpote
1012 2609 1086 2663 qui
1109 2621 1182 2662 per
1199 2608 1419 2662 integrum
1439 2620 1598 2648 annum
1617 2606 1775 2660 ceperit
1791 2606 2119 2646 incrementum.

587 2677 813 2719 Difficilius
854 2692 954 2721 vero
999 2678 1049 2720 de
1091 2678 1339 2719 hexametro
1383 2676 1617 2732 quidquam
1662 2668 1735 2731 pro
1770 2679 1884 2717 certo
1919 2678 2120 2725 statuere,

526 2754 636 2790 certe
669 2748 719 2790 de
746 2750 836 2790 eius
864 2751 1002 2804 priore
1031 2753 1162 2804 parte.
1193 2748 1303 2790 Nam
1334 2748 1425 2790 sive
1455 2751 1551 2788 ante
1578 2747 1707 2788 veniet
1736 2760 1834 2788 cum
1864 2745 2118 2787 Baehrensio

525 2821 829 2861 inseruerimus
870 2824 926 2870 ut,
971 2821 1061 2862 sive
1103 2833 1202 2861 cum
1235 2818 1429 2874 Gruppio
1463 2833 1508 2859 ac
1541 2817 1610 2860 vel
1642 2822 1692 2868 et,
1725 2817 1821 2859 inde
1855 2830 1878 2859 a
1911 2815 2119 2872 particula

529 2892 671 2932 omnia
704 2890 806 2932 bene
839 2890 1080 2932 decurrunt.
1116 2891 1198 2932 Pro
1231 2890 1267 2931 32⁰
1298 2889 1432 2930 iuveni
1460 2893 1581 2942 yram
1614 2888 1689 2930 alii
1721 2887 1804 2930 alia
1836 2888 2116 2929 coniecerunt.

528 2960 823 3002 Lachmannus
856 2961 1130 3012 μυστηριῶδες
1162 2960 1269 3002 illud
1302 2967 1343 3002 et
1372 2974 1470 3002 vere
1499 2959 1893 3001 Lachmannianum
1921 2957 1958 2999 si
1984 2956 2119 2998 iuveni

523 3036 686 3084 yratac3
731 3031 928 3087 Rigletus
968 3032 1004 3072 si
1045 3031 1182 3072 iuveni
1218 3036 1391 3084 qratum,
1437 3030 1548 3086 quod
1582 3034 1656 3072 aut
1687 3044 1812 3072 sensu
1845 3042 2009 3071 cassum
2043 3031 2118 3069 aut

530 3106 639 3143 certe
671 3101 1062 3157 languidissimum.
1097 3101 1329 3145 Cartaltius
1363 3116 1461 3145 vero
1490 3116 1511 3144 e
1539 3101 1627 3143 cod.
1656 3101 1689 3142 F
1717 3101 1876 3156 recepit
1901 3099 1957 3140 sis
1983 3098 2119 3140 iuveni
