2320 3828
202 851 274 902 IV,
309 852 333 894 5

383 924 465 975 Qui
497 924 606 965 mihi
642 928 695 974 te,
729 924 940 976 Cerinthe,
975 926 1062 967 dies
1096 927 1223 976 dedit,
1258 928 1323 968 hic
1358 928 1461 968 mihi
1495 932 1663 969 sanctus

444 995 583 1050 Atque
616 996 727 1037 inter
763 996 890 1037 festos
923 1010 1088 1051 semper
1122 997 1333 1039 habendus
1367 1000 1458 1039 erit.

384 1063 442 1106 Te
474 1070 671 1107 nascente
704 1080 861 1107 novum
896 1066 1050 1108 Parcae
1083 1069 1268 1108 cecinere
1302 1068 1454 1122 puellis

444 1135 679 1177 Servitium
712 1144 754 1177 et
787 1136 992 1178 dederunt
1026 1151 1154 1192 regna
1188 1139 1365 1193 superba
1398 1139 1488 1179 tibi.

385 1205 494 1247 Uror
524 1220 602 1261 ego
635 1209 731 1248 ante
764 1206 888 1248 alias:
923 1208 1045 1248 iuvat
1078 1209 1166 1257 hoc,
1200 1206 1411 1258 Cerinthe,
1446 1208 1554 1262 quod
1591 1222 1699 1257 uror,

444 1275 490 1317 Si
523 1277 601 1317 tibi
635 1278 684 1318 de
716 1278 836 1319 nobis
869 1281 1045 1319 mutuus
1078 1279 1190 1334 ignis
1224 1279 1354 1320 adest.

374 1345 571 1388 vMutuus
605 1347 713 1389 adsit
746 1362 875 1398 amor,
910 1362 983 1403 per
1015 1353 1056 1390 te
1088 1347 1333 1390 dulcissima
1366 1349 1475 1390 furta

447 1417 612 1473 Perque
646 1422 740 1460 tuos
773 1419 914 1460 oculos
948 1433 1020 1474 per
1053 1418 1321 1474 Geniumque
1355 1434 1470 1474 rogo.

387 1486 511 1529 Alme
534 1487 563 1540 ¹)
595 1487 717 1538 Geni,
751 1503 850 1544 cape
884 1489 989 1531 dona
1009 1489 1042 1541 2)
1073 1489 1208 1531 libens
1242 1491 1432 1544 votisque
1465 1489 1618 1537 faveto,

447 1558 493 1600 Si
525 1559 664 1609 modo,
698 1574 794 1601 cum
831 1560 880 1601 de
916 1574 981 1602 me
1013 1562 1187 1616 cogitat,
1221 1559 1294 1601 ille
1326 1559 1445 1601 calet.

392 1627 507 1680 Quod
544 1631 579 1671 si
612 1630 717 1672 forte
750 1630 855 1672 alios
886 1632 971 1671 iam
1004 1645 1112 1672 nunc
1145 1632 1328 1685 suspirat
1361 1644 1536 1679 amores,

449 1699 566 1741 Tunc
601 1715 744 1756 precor
774 1701 936 1749 infidos,
971 1708 1124 1750 sancte,
1158 1700 1345 1756 relinque
1378 1701 1501 1742 focos.

386 1770 473 1812 Nec
508 1775 554 1811 tu
588 1773 644 1813 sis
676 1773 849 1822 iniusta,
885 1771 1046 1813 Venus:
1082 1771 1149 1813 vel
1182 1774 1337 1813 serviat
1369 1785 1497 1826 aeque

448 1840 624 1883 Vinctus
657 1846 834 1897 uterque
868 1843 958 1892 tibi,
994 1841 1061 1884 vel
1094 1857 1187 1884 mea
1220 1841 1358 1883 vincla
1390 1841 1499 1882 leva.

387 1911 468 1954 Sed
502 1913 643 1967 potius
674 1912 817 1955 valida
852 1917 1071 1954 teneamur
1102 1919 1279 1967 uterque
1313 1917 1471 1961 catena,

447 1983 578 2025 Nulla
608 1987 733 2039 queat
765 1984 937 2039 posthac
969 1997 1093 2038 quam
1117 1982 1147 2035 3)
1179 1983 1354 2024 soluisse
1387 1982 1473 2023 dies

387 2054 516 2109 Optat
547 2054 660 2096 idem
693 2056 860 2096 iuvenis
893 2054 1002 2109 quod
1038 2068 1126 2103 nOS‚
1162 2053 1232 2095 sed
1266 2055 1417 2095 tectius
1452 2057 1590 2108 optat:

447 2125 558 2167 Nam
590 2125 720 2180 pudet
752 2125 853 2166 haec
884 2124 1010 2166 illum
1043 2124 1178 2166 dicere
1210 2124 1335 2165 verba
1369 2122 1521 2178 palam.

389 2196 446 2237 At
477 2200 539 2245 tu,
573 2195 750 2246 Natalis,
783 2197 981 2251 quoniam
1016 2195 1118 2236 deus
1151 2196 1291 2236 omnia
1324 2195 1467 2240 sentis,

448 2267 622 2308 Annue:
656 2266 755 2322 quid
789 2266 930 2316 refert,
963 2265 1125 2308 clamne
1158 2266 1350 2321 palamne
1385 2263 1532 2320 roget?

256 3031 288 3070 1)
311 3040 341 3061 v.
364 3040 396 3072 p.
422 3030 472 3061 16.

256 3085 289 3124 2)
312 3095 343 3116 v.
367 3096 396 3126 p.
422 3085 474 3118 16.

257 3141 289 3180 3)
313 3151 340 3171 v.
366 3151 394 3182 p.
422 3139 474 3173 17.
