2320 3828
1299 329 1324 371 6

515 454 756 497 mirandum
787 467 871 495 non
902 454 957 494 sit
988 451 1221 494 identidem
1256 453 1368 493 viros
1400 451 1543 494 doctos
1574 452 1626 494 ad
1659 467 1782 495 omne
1814 455 2103 510 transpositio-

513 540 617 567 num
649 524 889 580 confugisse
921 536 1070 578 genus.
1107 522 1255 563 Minus
1287 523 1415 563 etiam
1451 536 1605 578 negare
1632 525 1771 565 ausim
1799 538 1921 580 saepe
1949 539 2022 566 nos
2050 524 2102 566 ad

512 597 849 651 desperationem
882 593 998 649 adigi
1031 593 1219 635 doctrina
1251 591 1325 634 illa
1358 594 1596 648 antiquaria
1628 607 1710 649 qua
1740 594 1930 651 legentes
1960 596 2103 637 obruit

511 672 656 723 poeta;
700 667 828 707 istam
871 679 970 707 vero
1014 664 1175 705 Phoebi
1211 663 1503 705 laudationem
1536 663 1605 716 (II,
1640 664 1684 718 5)
1712 666 1785 720 qui
1818 665 2102 708 enucleaverit

512 739 684 787 „virum
718 735 922 791 putabo’',
956 736 1029 790 qui
1058 734 1146 776 ullo
1173 733 1300 776 modo
1328 733 1500 776 laudare
1528 734 1713 777 voluerit
1743 736 1991 786 „hominem
2019 751 2102 779 non

509 806 709 864 putabo''.
754 805 835 847 Sed
879 804 1017 847 multo
1057 804 1276 846 lubentius
1320 804 1484 847 declaro
1527 804 1750 847 Tibullum
1793 805 1956 863 legenti
1992 807 2101 848 mihi

514 891 658 919 verum
704 880 874 932 poetam
908 879 1019 917 stare
1053 878 1148 917 ante
1183 874 1339 926 oculos,
1373 876 1446 930 qui
1478 874 1629 917 multis
1661 877 1931 932 egregiisque
1963 878 2101 919 virtu-

510 949 623 990 tibus
657 949 763 989 vitia
795 949 1040 1001 compenset
1070 947 1115 987 in
1146 947 1385 987 carminum
1419 945 1693 1000 dispositione
1725 949 1975 1003 praesertim
2007 962 2101 990 con-

508 1021 665 1074 spicua.
699 1020 873 1059 Gemmas
900 1031 1000 1060 vero
1028 1016 1138 1067 illas,
1168 1030 1272 1073 quas
1300 1016 1505 1067 dicebam,
1533 1031 1616 1072 quo
1643 1019 1784 1074 magis
1805 1032 2100 1075 agnoscamus,

510 1104 639 1131 unam
681 1090 811 1131 etiam
855 1101 1100 1144 percurram
1133 1087 1330 1144 elegiam,
1365 1087 1466 1130 libri
1498 1088 1539 1130 II
1573 1092 1752 1141 sextam,
1786 1103 1892 1146 quae
1924 1090 2099 1133 illarum

508 1162 693 1203 continet
725 1159 1128 1215 splendidissimam.

571 1230 854 1282 „Malbrouck
887 1230 974 1272 s'en
1007 1235 1168 1273 va-t-en
1201 1230 1399 1286 guerre'’.
1434 1230 1573 1273 Immo
1607 1244 1731 1274 vero:
1767 1236 1929 1282 „castra
1958 1233 2102 1275 Macer

508 1305 713 1359 sequitur.
759 1301 841 1344 Sed
885 1302 968 1344 huc
1008 1315 1174 1358 quoque
1217 1315 1316 1343 eum
1351 1302 1483 1343 Amor
1515 1302 1812 1353 comitabitur3
1848 1307 1923 1345 aut
1955 1305 1990 1345 si
2022 1307 2101 1345 mi·

506 1374 657 1416 litibus
699 1374 830 1415 Amor
871 1374 1019 1428 parcit,
1063 1386 1141 1428 ego
1187 1386 1353 1428 quoque
1395 1372 1447 1414 do
1489 1386 1642 1415 nomen
1675 1373 1868 1416 militiae.
1912 1374 2023 1416 Nam
2056 1379 2098 1417 et

508 1458 587 1500 ego
629 1444 751 1486 fortis
793 1458 903 1494 sum,
948 1443 1020 1485 sed
1063 1457 1132 1485 me
1175 1443 1343 1485 clausae
1385 1442 1553 1499 puellae
1598 1444 1706 1486 fores
1749 1445 1954 1500 frangunt
1986 1445 2098 1487 debi-

506 1515 731 1570 litantque.
776 1515 809 1556 O
852 1528 981 1570 quam
1014 1516 1144 1556 miser
1176 1528 1255 1571 ego
1288 1529 1408 1565 sum;
1445 1516 1555 1557 mori
1586 1514 1745 1557 vellem
1778 1517 1861 1557 nisi
1893 1515 1998 1571 Spes
2030 1530 2099 1558 me

509 1590 765 1629 sustentaret
797 1611 853 1617 —
887 1587 1081 1641 sequitur
1123 1585 1242 1628 illius
1274 1586 1374 1628 deae
1407 1588 1773 1641 praestantissima
1805 1586 1995 1629 laudatio
2027 1602 2100 1629 sex

508 1672 656 1700 versus
699 1656 883 1713 implens
927 1680 983 1688 --
1023 1655 1098 1698 illa
1141 1657 1248 1699 mihi
1291 1658 1507 1712 promittit
1547 1657 1769 1700 Nemesim
1809 1658 1918 1699 mihi
1959 1657 2100 1700 lenem

507 1728 596 1770 fore
640 1727 905 1783 facilemque.
950 1728 1080 1770 Parce
1113 1728 1237 1778 mihi,
1272 1727 1479 1778 NemesiS,
1513 1715 1602 1771 hoc¹
1627 1732 1668 1770 te
1701 1729 1871 1771 obsecro
1904 1743 1979 1784 per
2011 1728 2101 1770 dul-

507 1801 699 1842 cissimae
742 1798 980 1841 sororculae
1023 1800 1275 1841 memoriam
1321 1831 1358 1841 ..
1383 1831 1392 1841 .
1414 1799 1455 1840 .''
1484 1799 1582 1859 'Hic
1622 1800 1825 1841 inseritur
1855 1798 2098 1841 immortale

505 1871 615 1913 illud
649 1871 887 1926 episodium
921 1871 971 1913 de
1003 1869 1197 1926 puellula
1227 1870 1301 1912 illa
1333 1884 1458 1913 saeva
1488 1874 1625 1913 morte
1652 1874 1784 1926 rapta,
1820 1870 1930 1926 quod
1960 1874 2100 1912 totum

507 1942 741 1984 exscribam
776 1956 826 1984 ne
858 1942 1091 1998 quidquam
1123 1940 1327 1997 praeclari
1361 1940 1530 1984 artificii
1562 1945 1729 1997 pereat:

689 2013 831 2063 Parce,
868 2028 940 2069 per
971 2015 1205 2055 immatura
1238 2017 1336 2055 tuae
1369 2027 1517 2068 precor
1549 2026 1641 2054 ossa
1672 2013 1850 2054 sororis:

749 2084 817 2126 Sic
851 2085 955 2126 bene
989 2084 1068 2126 sub
1099 2087 1243 2126 tenera
1274 2097 1405 2139 parva
1437 2085 1626 2139 quiescat
1658 2083 1804 2125 humo.

687 2154 768 2197 Illa
800 2155 911 2196 mihi
944 2160 1089 2197 sancta
1121 2159 1198 2205 est,
1231 2153 1352 2196 illius
1383 2154 1490 2196 dona
1521 2153 1713 2209 sepulcro

749 2225 805 2267 Et
839 2225 1075 2268 madefacta
1107 2227 1216 2267 meis
1249 2229 1360 2267 serta
1392 2225 1525 2267 feram
1557 2224 1770 2276 lacrimis;

687 2297 810 2338 Illius
843 2297 894 2339 ad
927 2296 1150 2339 tumulum
1183 2296 1349 2352 fugiam
1382 2295 1646 2351 supplexque
1680 2295 1829 2337 sedebo

749 2368 804 2409 Et
836 2382 931 2410 mea
965 2382 1064 2410 cum
1100 2371 1223 2409 muto
1252 2368 1339 2409 fata
1372 2381 1522 2423 querar
1555 2369 1704 2409 cinere.

686 2439 780 2481 Non
813 2439 919 2480 feret
951 2453 1085 2495 usque
1119 2453 1247 2480 suum
1280 2442 1322 2480 te
1355 2441 1529 2494 propter
1560 2437 1658 2480 flere
1691 2437 1916 2480 clientem:

747 2509 872 2551 Illius
903 2514 953 2551 ut
985 2511 1142 2559 verbis,
1177 2511 1234 2551 sis
1266 2510 1376 2551 mihi
1407 2509 1523 2551 lenta
1555 2513 1667 2559 veto,

687 2580 750 2623 Ne
783 2581 863 2622 tibi
895 2580 1080 2637 neglecti
1112 2582 1290 2622 mittant
1323 2579 1436 2622 mala
1471 2581 1634 2622 somnia
1666 2579 1830 2629 Manes,

747 2652 998 2707 Maestaque
1031 2653 1190 2707 sopitae
1223 2654 1308 2692 stet
1339 2665 1456 2693 soror
1488 2654 1584 2692 ante
1614 2653 1772 2699 torum,

689 2721 833 2773 Qualis
866 2723 916 2764 ab
951 2721 1113 2764 excelsa
1146 2735 1342 2778 praeceps
1377 2720 1547 2777 delapsa
1579 2721 1761 2763 fenestra

748 2791 874 2834 Venit
905 2792 957 2834 ad
988 2793 1172 2835 infernos
1206 2791 1534 2848 sanguinolenta
1565 2791 1696 2833 lacus.

570 2863 677 2912 „Sed
705 2865 898 2905 contineo
916 2878 999 2914 me,
1019 2878 1070 2906 ne
1088 2865 1221 2905 tristis
1240 2863 1312 2904 fiat
1330 2877 1423 2905 mea
1438 2862 1477 2904 N
1481 2863 1638 2912 emisis,
1657 2867 1699 2904 et
1716 2864 1883 2904 tristem
1899 2875 1990 2903 eam
2009 2876 2097 2903 esse

507 2932 617 2983 nolo,
646 2948 727 2975 non
755 2936 814 2975 ita
842 2934 892 2976 de
919 2949 987 2977 me
1014 2939 1077 2977 est
1095 2936 1270 2986 merita;
1290 2948 1369 2976 non
1389 2935 1502 2976 enim
1519 2935 1609 2989 ipsa
1627 2947 1696 2975 me
1714 2937 1803 2975 tam
1821 2932 2002 2975 reddidit
2019 2934 2097 2973 mi-

506 3018 663 3053 serum,
689 3006 780 3059 ipsa
806 3007 948 3047 insons
976 3010 1056 3057 est;
1089 3005 1300 3048 malorum
1319 3006 1512 3046 omnium
1532 3003 1618 3046 sola
1635 3003 1729 3046 lena
1746 3018 1871 3046 causa
1889 3007 1952 3046 est
1962 3017 1972 3054 ς
1994 3003 2095 3045 haec

507 3088 574 3116 me
602 3081 833 3131 oppugnat,
863 3076 964 3118 haec
992 3076 1118 3118 efficit
1141 3080 1189 3118 ut
1207 3077 1359 3118 anxius
1375 3075 1607 3118 identidem
1627 3076 1931 3130 memetipsum
1947 3087 2094 3130 rogem
