2320 3828
959 372 1012 413 19

194 493 340 535 statim
375 491 491 533 addit
524 495 670 546 poeta:

374 563 430 604 At
462 576 572 603 nunc
606 565 692 603 tota
727 566 799 603 tua
831 568 893 604 est

192 634 267 675 ubi
292 632 399 675 illud
427 637 507 674 tota
535 637 604 673 tua
631 646 748 674 suam
780 633 860 674 sibi
878 635 967 675 vim
986 634 1124 685 habet,
1146 649 1227 689 qua
1246 640 1386 678 nostro
1404 636 1491 678 loco
1508 637 1629 693 plane
1647 643 1771 679 caret.

253 703 457 747 Canterus
499 703 581 744 lota
618 704 810 752 correxit,
845 703 897 744 ad
930 718 1099 745 sensum
1133 711 1243 747 recte
1277 711 1423 761 estque
1456 707 1563 748 lenis
1595 722 1692 749 sane
1725 721 1773 749 ea

192 775 406 825 correctio,
450 773 521 815 sed
562 774 704 828 ipsum
748 773 1006 815 vocabulum
1050 788 1200 829 parum
1244 776 1385 818 decere
1429 778 1596 819 videtur
1642 780 1773 819 totius

191 846 390 886 carminis
433 848 715 886 venustatem.
759 842 978 885 Ambabus
1021 847 1247 900 arriperem
1293 849 1488 889 inanibus
1532 848 1772 890 Baehrensii

190 915 312 966 culta,
357 916 393 956 si
426 919 538 956 certo
572 915 723 955 scirem
756 918 867 955 recte
900 915 1053 955 colenda·
1086 921 1126 956 et
1159 918 1330 957 comendz‘
1359 919 1483 959 verba
1510 920 1568 960 sic
1595 921 1703 960 inter
1730 932 1772 960 se

191 987 347 1040 opponi
376 988 424 1026 ut
455 984 565 1026 illud
599 984 650 1026 ad
682 985 875 1034 vestitum,
905 984 983 1026 hoc
1013 985 1063 1026 ad
1091 987 1323 1039 θαμίζω-πω
1350 993 1528 1029 ornatam
1556 990 1771 1030 referatur.

190 1054 322 1098 Credo
357 1061 498 1098 tamen
531 1057 592 1097 ita
624 1069 667 1097 se
700 1069 790 1097 rem
823 1055 989 1097 habere.

248 1126 495 1181 Sequuntur
527 1126 610 1168 duo
644 1126 824 1168 disticha
856 1140 961 1181 quae
993 1128 1268 1183 integerrima
1296 1129 1345 1169 ad
1373 1143 1448 1170 nos
1475 1134 1769 1185 pervenerunt.

189 1197 321 1239 Plena
353 1211 454 1253 ergo
486 1196 604 1239 adest
635 1199 677 1238 et
707 1196 840 1238 libera
871 1196 1107 1238 admirandi
1139 1197 1340 1240 facultas:

369 1267 447 1310 Illa
478 1267 650 1323 quidem
682 1267 855 1309 ornandi
887 1281 1031 1309 causas
1065 1268 1157 1318 tibi,
1192 1269 1300 1319 diva,
1335 1269 1516 1325 relegat:

430 1338 505 1379 Est
537 1341 693 1387 tamen,
728 1337 890 1379 occulte
924 1339 991 1379 6111
1025 1337 1230 1392 placuisse
1264 1338 1382 1381 velit.

369 1410 427 1450 At
458 1412 519 1458 tu,
553 1412 710 1458 sancta,
738 1408 846 1459 fave,
880 1422 961 1450 neu
994 1410 1088 1463 quis
1119 1408 1295 1451 divellat
1328 1414 1530 1460 amantes,

428 1478 509 1521 Sed
539 1479 686 1521 iuveni
720 1492 873 1534 quaeso
906 1483 1057 1520 mutua
1090 1479 1228 1521 vincla
1261 1494 1372 1535 para.

187 1548 323 1592 Nemo
350 1549 431 1599 hic,
465 1553 514 1590 ut
548 1550 709 1604 opinor,
741 1549 1046 1591 inconstantiae
1079 1553 1248 1604 poetam
1283 1551 1507 1601 accusabit,
1542 1553 1615 1606 qui
1646 1551 1770 1593 modo

187 1622 247 1672 (in
280 1620 546 1676 praecedenti
579 1621 781 1671 carmine)
819 1619 1052 1675 Sulpiciam
1088 1621 1233 1662 fecerit
1265 1636 1390 1662 suum
1424 1636 1611 1663 amorem
1643 1636 1768 1677 quam

186 1692 452 1747 apertissime
487 1690 755 1746 profitentem
788 1690 858 1732 sed
893 1704 1003 1732 nunc
1036 1705 1129 1732 eam
1161 1693 1259 1742 (isto
1287 1692 1432 1732 occulte
1460 1692 1570 1744 velit)
1597 1692 1768 1734 inducat

186 1764 434 1804 reticentem
478 1760 605 1803 illum
649 1760 953 1816 celantemque.
998 1760 1094 1803 Alia
1136 1761 1282 1803 decent
1323 1777 1397 1818 pro
1441 1776 1482 1804 se
1524 1762 1766 1817 loquentem

183 1834 322 1888 ipsam
355 1832 605 1887 Sulpiciam,
641 1830 722 1873 alia
755 1836 923 1886 poetam
957 1833 1047 1873 eius
1079 1845 1247 1873 causam
1281 1836 1477 1888 agentem
1510 1833 1619 1887 apud
1654 1847 1767 1874 sum-

184 1917 301 1945 mam
334 1903 532 1952 dearum;
572 1903 649 1944 hoc
683 1906 744 1944 est
777 1903 952 1944 eandem
984 1917 1074 1944 rem
1107 1905 1270 1944 variare
1302 1917 1383 1944 non
1420 1903 1765 1959 „prodigialiter”

184 1974 256 2016 sed
284 1974 609 2016 venustissime:
637 1986 690 2014 ne
716 1971 934 2015 levissima
962 1973 1134 2027 quidem
1163 1972 1351 2014 colorum
1383 1973 1625 2014 discrimina
1653 1986 1767 2028 prae-

183 2044 346 2087 clarum
379 2048 572 2086 nostrum
604 2044 781 2098 fugiunt
808 2043 1025 2085 artificem.
1060 2043 1125 2084 Ad
1152 2041 1401 2085 Cerinthum
1430 2043 1541 2098 quod
1568 2044 1765 2098 pertinet,

183 2129 311 2171 quem
353 2115 422 2157 hic
461 2115 634 2155 iuvenem
679 2118 804 2169 poeta
843 2118 965 2156 vocat
998 2113 1126 2169 (quod
1157 2128 1307 2156 moneo
1340 2129 1434 2164 non,
1470 2113 1622 2164 hercle,
1656 2113 1766 2169 quod

184 2191 387 2237 metuam,
432 2200 482 2228 ne
526 2187 621 2240 quis
663 2185 856 2227 dubitare
900 2186 1034 2240 possit
1077 2186 1177 2239 quin
1211 2184 1259 2226 de
1294 2184 1493 2227 Cerintho
1528 2198 1664 2226 sermo
1697 2185 1765 2234 sit,

183 2256 255 2300 sed
297 2258 396 2313 quia
440 2270 540 2298 mox
573 2270 621 2298 ea
652 2270 718 2298 res
752 2257 971 2298 observata
1004 2256 1123 2297 nobis
1158 2255 1277 2297 utilis
1310 2270 1398 2297 esse
1430 2256 1616 2310 poterit),
1653 2253 1765 2310 quod

182 2329 226 2369 in
259 2327 525 2383 praecedenti
557 2326 694 2382 elegia
729 2341 852 2369 versu
887 2326 940 2369 17

364 2401 482 2453 optat
513 2397 627 2440 idem
658 2399 824 2440 iuvenis
857 2397 968 2452 quod
1001 2412 1088 2448 nos,
1124 2397 1194 2439 sed
1228 2399 1380 2438 tectius
1413 2400 1530 2451 optat

181 2473 397 2524 utcunque
431 2467 718 2511 dissimulavit
750 2467 952 2523 Sulpicia,
986 2468 1028 2509 id
1061 2468 1128 2509 hic
1156 2471 1278 2522 poeta
1305 2467 1444 2522 palam
1474 2466 1762 2522 proloquitur:

182 2537 398 2589 Cerintho,
441 2542 589 2594 utpote
631 2552 773 2594 puero,
817 2538 1030 2580 nihildum
1073 2537 1265 2580 subolere
1299 2537 1348 2579 de
1380 2538 1558 2592 virginis
1592 2538 1764 2578 maioris

181 2614 284 2652 natu
316 2609 473 2651 ardore.

243 2680 456 2735 Additque
487 2680 594 2721 hanc
627 2681 833 2721 rationem
869 2683 1011 2734 poeta:

361 2750 431 2792 Sic
463 2751 566 2792 bene
598 2763 844 2806 compones:
878 2750 988 2791 ullae
1020 2764 1101 2791 non
1132 2748 1204 2790 ille
1236 2748 1399 2803 puellae

421 2820 590 2862 Servire
622 2825 696 2862 aut
729 2821 927 2875 cuiquam
962 2820 1130 2875 dignior
1161 2819 1234 2860 illa
1267 2820 1370 2860 viro.

180 2890 249 2933 Sic
291 2890 544 2947 plerumque
576 2905 687 2932 nunc
720 2891 859 2932 editur
892 2890 1126 2931 secundum
1162 2888 1416 2939 „meliores”
1451 2887 1624 2937 codices,
1654 2901 1763 2942 sper-

179 2963 296 3003 nitur
330 2961 440 3017 quod
473 2962 505 3002 οἱ
539 2962 790 3011 στιγματίαι
826 2961 1027 3016 praebent
1058 2960 1150 3001 ulli,
1184 2961 1239 3000 At
1275 2973 1352 3014 ego
1385 2959 1451 2999 hic
1485 2971 1648 3012 quoque
1674 2957 1761 2998 illis

180 3031 556 3088 obtemperandum
600 3046 758 3082 censeo,
802 3046 884 3073 non
926 3034 1095 3086 propter
1127 3032 1319 3084 ineptum
1354 3027 1561 3083 quendam
1599 3029 1761 3082 „puris-

181 3102 332 3144 mum'’
362 3116 488 3157 quem
517 3106 683 3153 vocant,
713 3101 783 3144 sed
812 3103 909 3157 quia
936 3100 1180 3143 incredibile
1199 3100 1305 3142 mihi
1323 3099 1492 3141 videtur
1509 3097 1760 3140 tralaticiam
