<?xml version="1.0" encoding="UTF-8"?>
<!DOCTYPE html PUBLIC "-//W3C//DTD XHTML 1.0 Transitional//EN"
    "http://www.w3.org/TR/xhtml1/DTD/xhtml1-transitional.dtd">
<html xmlns="http://www.w3.org/1999/xhtml" xml:lang="en" lang="en">
 <head>
  <title>
</title>
<meta http-equiv="Content-Type" content="text/html;charset=utf-8" />
  <meta name='ocr-system' content='tesseract 3.04.00' />
  <meta name='ocr-capabilities' content='ocr_page ocr_carea ocr_par ocr_line ocrx_word'/>
</head>
<body>
  <div class='ocr_page' id='page_1' title='image "./flosdelibatusele00tibuuoft/flosdelibatusele00tibuuoft_0035.png"; bbox 0 0 2320 3828; ppageno 0'>
   <div class='ocr_carea' id='block_1_1' title="bbox 0 0 20 772">
    <p class='ocr_par' dir='ltr' id='par_1_1' title="bbox 0 0 20 772">
     <span class='ocr_line' id='line_1_1' title="bbox 0 0 20 772; baseline 0 3056"><span class='ocrx_word' id='word_1_1' title='bbox 0 0 20 772; x_wconf 95' lang='lat' dir='ltr'> </span> 
     </span>
    </p>
   </div>
   <div class='ocr_carea' id='block_1_2' title="bbox 980 360 1036 401">
    <p class='ocr_par' dir='ltr' id='par_1_2' title="bbox 980 360 1036 401">
     <span class='ocr_line' id='line_1_2' title="bbox 980 360 1036 401; baseline -0.018 0"><span class='ocrx_word' id='word_1_2' title='bbox 980 360 1036 401; x_wconf 69' lang='lat'>23</span> 
     </span>
    </p>
   </div>
   <div class='ocr_carea' id='block_1_3' title="bbox 180 480 1788 3148">
    <p class='ocr_par' dir='ltr' id='par_1_3' title="bbox 206 480 1788 822">
     <span class='ocr_line' id='line_1_3' title="bbox 206 480 1785 534; baseline 0.007 -15"><span class='ocrx_word' id='word_1_3' title='bbox 206 483 339 532; x_wconf 67' lang='lat' dir='ltr'>yram,</span> <span class='ocrx_word' id='word_1_4' title='bbox 381 482 602 534; x_wconf 79' lang='lat' dir='ltr'>tamquam</span> <span class='ocrx_word' id='word_1_5' title='bbox 644 481 679 520; x_wconf 93' lang='lat' dir='ltr'>si</span> <span class='ocrx_word' id='word_1_6' title='bbox 722 480 799 521; x_wconf 91' lang='lat' dir='ltr'>hoc</span> <span class='ocrx_word' id='word_1_7' title='bbox 842 481 948 522; x_wconf 88' lang='lat' dir='ltr'>nulli</span> <span class='ocrx_word' id='word_1_8' title='bbox 990 487 1097 524; x_wconf 85' lang='lat' dir='ltr'>esset</span> <span class='ocrx_word' id='word_1_9' title='bbox 1129 484 1356 527; x_wconf 85' lang='lat' dir='ltr'>obnoxium</span> <span class='ocrx_word' id='word_1_10' title='bbox 1390 487 1658 530; x_wconf 69' lang='lat' dir='ltr'>dubitationi.</span> <span class='ocrx_word' id='word_1_11' title='bbox 1693 489 1785 531; x_wconf 89' lang='lat' dir='ltr'>Non</span> 
     </span>
     <span class='ocr_line' id='line_1_4' title="bbox 209 551 1788 605; baseline 0.006 -15"><span class='ocrx_word' id='word_1_12' title='bbox 209 551 426 605; x_wconf 88' lang='lat' dir='ltr'>reputavit</span> <span class='ocrx_word' id='word_1_13' title='bbox 457 551 847 604; x_wconf 86' lang='lat' dir='ltr'>praestantissimus</span> <span class='ocrx_word' id='word_1_14' title='bbox 882 553 1050 593; x_wconf 85' lang='lat' dir='ltr'>criticus</span> <span class='ocrx_word' id='word_1_15' title='bbox 1084 554 1259 595; x_wconf 53' lang='lat' dir='ltr'>{tanmem</span> <span class='ocrx_word' id='word_1_16' title='bbox 1290 570 1376 598; x_wconf 85' lang='lat' dir='ltr'>esse</span> <span class='ocrx_word' id='word_1_17' title='bbox 1410 556 1675 599; x_wconf 86' lang='lat' dir='ltr'>Cerintbum.</span> <span class='ocrx_word' id='word_1_18' title='bbox 1724 561 1788 600; x_wconf 94' lang='lat' dir='ltr'>An</span> 
     </span>
     <span class='ocr_line' id='line_1_5' title="bbox 207 621 1786 682; baseline 0.006 -21"><span class='ocrx_word' id='word_1_19' title='bbox 207 624 409 674; x_wconf 88' lang='lat' dir='ltr'>putemus</span> <span class='ocrx_word' id='word_1_20' title='bbox 441 624 623 675; x_wconf 89' lang='lat' dir='ltr'>poetam,</span> <span class='ocrx_word' id='word_1_21' title='bbox 658 634 755 661; x_wconf 89' lang='lat' dir='ltr'>cum</span> <span class='ocrx_word' id='word_1_22' title='bbox 790 621 913 663; x_wconf 89' lang='lat' dir='ltr'>modo</span> <span class='ocrx_word' id='word_1_23' title='bbox 941 627 1093 677; x_wconf 85' lang='lat' dir='ltr'>(praec.</span> <span class='ocrx_word' id='word_1_24' title='bbox 1123 623 1174 665; x_wconf 91' lang='lat' dir='ltr'>el.</span> <span class='ocrx_word' id='word_1_25' title='bbox 1208 624 1278 676; x_wconf 76' lang='lat'>17)</span> <span class='ocrx_word' id='word_1_26' title='bbox 1311 626 1543 682; x_wconf 84' lang='lat' dir='ltr'>Sulpiciam</span> <span class='ocrx_word' id='word_1_27' title='bbox 1578 628 1786 671; x_wconf 79' lang='lat' dir='ltr'>dicentem</span> 
     </span>
     <span class='ocr_line' id='line_1_6' title="bbox 208 691 353 733; baseline -0.014 0"><span class='ocrx_word' id='word_1_28' title='bbox 208 691 353 733; x_wconf 87' lang='lat' dir='ltr'>fecerit</span> 
     </span>
     <span class='ocr_line' id='line_1_7' title="bbox 388 761 1553 822; baseline 0.005 -20"><span class='ocrx_word' id='word_1_29' title='bbox 388 764 506 816; x_wconf 87' lang='lat' dir='ltr'>optat</span> <span class='ocrx_word' id='word_1_30' title='bbox 535 761 649 803; x_wconf 90' lang='lat' dir='ltr'>idem</span> <span class='ocrx_word' id='word_1_31' title='bbox 681 763 848 804; x_wconf 86' lang='lat' dir='ltr'>iuvenis</span> <span class='ocrx_word' id='word_1_32' title='bbox 882 763 992 817; x_wconf 89' lang='lat' dir='ltr'>quod</span> <span class='ocrx_word' id='word_1_33' title='bbox 1024 778 1109 813; x_wconf 78' lang='lat' dir='ltr'>nOS,</span> <span class='ocrx_word' id='word_1_34' title='bbox 1143 765 1213 806; x_wconf 86' lang='lat' dir='ltr'>scd</span> <span class='ocrx_word' id='word_1_35' title='bbox 1249 769 1399 808; x_wconf 82' lang='lat' dir='ltr'>tectius</span> <span class='ocrx_word' id='word_1_36' title='bbox 1434 772 1553 822; x_wconf 85' lang='lat' dir='ltr'>optat</span> 
     </span>
    </p>

    <p class='ocr_par' dir='ltr' id='par_1_4' title="bbox 204 831 1782 961">
     <span class='ocr_line' id='line_1_8' title="bbox 205 831 1782 892; baseline 0.004 -19"><span class='ocrx_word' id='word_1_37' title='bbox 205 831 346 873; x_wconf 88' lang='lat' dir='ltr'>subito</span> <span class='ocrx_word' id='word_1_38' title='bbox 377 845 488 873; x_wconf 88' lang='lat' dir='ltr'>nunc</span> <span class='ocrx_word' id='word_1_39' title='bbox 521 831 668 873; x_wconf 88' lang='lat' dir='ltr'>eodem</span> <span class='ocrx_word' id='word_1_40' title='bbox 696 832 899 874; x_wconf 83' lang='lat' dir='ltr'>vocabulo</span> <span class='ocrx_word' id='word_1_41' title='bbox 927 834 1062 888; x_wconf 80' lang='lat' dir='ltr'>ipsam</span> <span class='ocrx_word' id='word_1_42' title='bbox 1091 834 1324 889; x_wconf 85' lang='lat' dir='ltr'>Sulpiciam</span> <span class='ocrx_word' id='word_1_43' title='bbox 1352 838 1614 892; x_wconf 67' lang='lat' dir='ltr'>significare?</span> <span class='ocrx_word' id='word_1_44' title='bbox 1644 839 1782 880; x_wconf 88' lang='lat' dir='ltr'>Multo</span> 
     </span>
     <span class='ocr_line' id='line_1_9' title="bbox 204 901 1446 961; baseline 0.006 -19"><span class='ocrx_word' id='word_1_45' title='bbox 204 915 316 957; x_wconf 88' lang='lat' dir='ltr'>ergo,</span> <span class='ocrx_word' id='word_1_46' title='bbox 350 902 462 956; x_wconf 91' lang='lat' dir='ltr'>quod</span> <span class='ocrx_word' id='word_1_47' title='bbox 493 901 541 943; x_wconf 81' lang='lat' dir='ltr'>ad</span> <span class='ocrx_word' id='word_1_48' title='bbox 577 916 748 944; x_wconf 88' lang='lat' dir='ltr'>sensum</span> <span class='ocrx_word' id='word_1_49' title='bbox 782 904 947 952; x_wconf 75' lang='lat' dir='ltr'>attinet,</span> <span class='ocrx_word' id='word_1_50' title='bbox 984 906 1138 946; x_wconf 89' lang='lat' dir='ltr'>rectius</span> <span class='ocrx_word' id='word_1_51' title='bbox 1170 914 1446 961; x_wconf 86' lang='lat' dir='ltr'>reposuerunt</span> 
     </span>
    </p>

    <p class='ocr_par' dir='ltr' id='par_1_5' title="bbox 265 971 1024 1029">
     <span class='ocr_line' id='line_1_10' title="bbox 265 971 1024 1029; baseline 0.004 -17"><span class='ocrx_word' id='word_1_52' title='bbox 265 971 564 1014; x_wconf 85' lang='lat' dir='ltr'>Baehrensius:</span> <span class='ocrx_word' id='word_1_53' title='bbox 599 972 724 1023; x_wconf 84' lang='lat' dir='ltr'>Diva,</span> <span class='ocrx_word' id='word_1_54' title='bbox 758 975 856 1015; x_wconf 84' lang='lat' dir='ltr'>veni</span> <span class='ocrx_word' id='word_1_55' title='bbox 889 978 1024 1029; x_wconf 85' lang='lat' dir='ltr'>grata,</span> 
     </span>
    </p>

    <p class='ocr_par' dir='ltr' id='par_1_6' title="bbox 199 1041 1780 1580">
     <span class='ocr_line' id='line_1_11' title="bbox 263 1041 997 1099; baseline 0.003 -15"><span class='ocrx_word' id='word_1_56' title='bbox 263 1041 483 1098; x_wconf 78' lang='lat' dir='ltr'>Gruppius</span> <span class='ocrx_word' id='word_1_57' title='bbox 555 1056 564 1085; x_wconf 69' lang='grc' dir='ltr'>ε</span> <span class='ocrx_word' id='word_1_58' title='bbox 597 1043 676 1094; x_wconf 91' lang='lat' dir='ltr'>Sis,</span> <span class='ocrx_word' id='word_1_59' title='bbox 712 1043 829 1094; x_wconf 89' lang='lat' dir='ltr'>Iuno,</span> <span class='ocrx_word' id='word_1_60' title='bbox 862 1050 997 1099; x_wconf 85' lang='lat' dir='ltr'>grata.</span> 
     </span>
     <span class='ocr_line' id='line_1_12' title="bbox 201 1113 1779 1171; baseline 0.004 -16"><span class='ocrx_word' id='word_1_61' title='bbox 201 1113 283 1155; x_wconf 91' lang='lat' dir='ltr'>Sed</span> <span class='ocrx_word' id='word_1_62' title='bbox 331 1119 510 1169; x_wconf 88' lang='lat' dir='ltr'>utraque</span> <span class='ocrx_word' id='word_1_63' title='bbox 558 1114 660 1156; x_wconf 91' lang='lat' dir='ltr'>haec</span> <span class='ocrx_word' id='word_1_64' title='bbox 702 1114 825 1157; x_wconf 91' lang='lat' dir='ltr'>lectio</span> <span class='ocrx_word' id='word_1_65' title='bbox 868 1115 1028 1171; x_wconf 79' lang='lat' dir='ltr'>duplici</span> <span class='ocrx_word' id='word_1_66' title='bbox 1071 1117 1178 1158; x_wconf 89' lang='lat' dir='ltr'>mihi</span> <span class='ocrx_word' id='word_1_67' title='bbox 1219 1117 1407 1160; x_wconf 85' lang='lat' dir='ltr'>laborare</span> <span class='ocrx_word' id='word_1_68' title='bbox 1449 1120 1617 1161; x_wconf 88' lang='lat' dir='ltr'>videtur</span> <span class='ocrx_word' id='word_1_69' title='bbox 1662 1123 1779 1163; x_wconf 89' lang='lat' dir='ltr'>vitio.</span> 
     </span>
     <span class='ocr_line' id='line_1_13' title="bbox 199 1185 1778 1244; baseline 0.004 -19"><span class='ocrx_word' id='word_1_70' title='bbox 199 1185 395 1226; x_wconf 89' lang='lat' dir='ltr'>Primum</span> <span class='ocrx_word' id='word_1_71' title='bbox 440 1186 512 1226; x_wconf 85' lang='lat' dir='ltr'>vix</span> <span class='ocrx_word' id='word_1_72' title='bbox 556 1185 677 1227; x_wconf 89' lang='lat' dir='ltr'>credo</span> <span class='ocrx_word' id='word_1_73' title='bbox 722 1189 834 1227; x_wconf 90' lang='lat' dir='ltr'>recte</span> <span class='ocrx_word' id='word_1_74' title='bbox 869 1191 1029 1239; x_wconf 62' lang='lat' dir='ltr'>mutam</span> <span class='ocrx_word' id='word_1_75' title='bbox 1075 1187 1158 1228; x_wconf 89' lang='lat' dir='ltr'>dici</span> <span class='ocrx_word' id='word_1_76' title='bbox 1201 1187 1321 1229; x_wconf 84' lang='lat' dir='ltr'>deam</span> <span class='ocrx_word' id='word_1_77' title='bbox 1365 1204 1469 1244; x_wconf 87' lang='lat' dir='ltr'>quae</span> <span class='ocrx_word' id='word_1_78' title='bbox 1495 1191 1675 1242; x_wconf 72' lang='lat' dir='ltr'>propicia</span> <span class='ocrx_word' id='word_1_79' title='bbox 1711 1193 1778 1240; x_wconf 78' lang='lat' dir='ltr'>sit,</span> 
     </span>
     <span class='ocr_line' id='line_1_14' title="bbox 201 1255 1778 1315; baseline 0.004 -19"><span class='ocrx_word' id='word_1_80' title='bbox 201 1255 349 1297; x_wconf 90' lang='lat' dir='ltr'>deinde</span> <span class='ocrx_word' id='word_1_81' title='bbox 380 1257 509 1297; x_wconf 87' lang='lat' dir='ltr'>nimis</span> <span class='ocrx_word' id='word_1_82' title='bbox 540 1256 680 1298; x_wconf 91' lang='lat' dir='ltr'>subito</span> <span class='ocrx_word' id='word_1_83' title='bbox 713 1257 790 1298; x_wconf 86' lang='lat' dir='ltr'>hae</span> <span class='ocrx_word' id='word_1_84' title='bbox 822 1271 964 1312; x_wconf 78' lang='lat' dir='ltr'>preces</span> <span class='ocrx_word' id='word_1_85' title='bbox 997 1257 1254 1300; x_wconf 87' lang='lat' dir='ltr'>adiiciuntur</span> <span class='ocrx_word' id='word_1_86' title='bbox 1285 1261 1336 1300; x_wconf 90' lang='lat' dir='ltr'>iis</span> <span class='ocrx_word' id='word_1_87' title='bbox 1369 1274 1473 1314; x_wconf 83' lang='lat' dir='ltr'>quae</span> <span class='ocrx_word' id='word_1_88' title='bbox 1505 1261 1778 1315; x_wconf 89' lang='lat' dir='ltr'>praecedunt:</span> 
     </span>
     <span class='ocr_line' id='line_1_15' title="bbox 201 1325 1780 1386; baseline 0.004 -19"><span class='ocrx_word' id='word_1_89' title='bbox 201 1339 224 1367; x_wconf 89' lang='lat' dir='ltr'>a</span> <span class='ocrx_word' id='word_1_90' title='bbox 265 1325 468 1368; x_wconf 89' lang='lat' dir='ltr'>vocabulo</span> <span class='ocrx_word' id='word_1_91' title='bbox 511 1325 635 1381; x_wconf 91' lang='lat' dir='ltr'>quale</span> <span class='ocrx_word' id='word_1_92' title='bbox 672 1330 735 1368; x_wconf 90' lang='lat' dir='ltr'>est</span> <span class='ocrx_word' id='word_1_93' title='bbox 778 1341 867 1380; x_wconf 65' lang='lat' dir='ltr'>erqo</span> <span class='ocrx_word' id='word_1_94' title='bbox 909 1328 1173 1382; x_wconf 81' lang='lat' dir='ltr'>incipiendus</span> <span class='ocrx_word' id='word_1_95' title='bbox 1206 1334 1294 1370; x_wconf 88' lang='lat' dir='ltr'>erat</span> <span class='ocrx_word' id='word_1_96' title='bbox 1326 1330 1580 1372; x_wconf 74' lang='lat' dir='ltr'>hexameter.</span> <span class='ocrx_word' id='word_1_97' title='bbox 1615 1331 1780 1386; x_wconf 85' lang='lat' dir='ltr'>Ergone</span> 
     </span>
     <span class='ocr_line' id='line_1_16' title="bbox 200 1397 1779 1455; baseline 0.003 -17"><span class='ocrx_word' id='word_1_98' title='bbox 200 1398 466 1452; x_wconf 87' lang='lat' dir='ltr'>suspicemur</span> <span class='ocrx_word' id='word_1_99' title='bbox 507 1411 589 1438; x_wconf 89' lang='lat' dir='ltr'>non</span> <span class='ocrx_word' id='word_1_100' title='bbox 630 1397 747 1439; x_wconf 90' lang='lat' dir='ltr'>illius</span> <span class='ocrx_word' id='word_1_101' title='bbox 789 1398 1025 1439; x_wconf 78' lang='lat' dir='ltr'>hexametri</span> <span class='ocrx_word' id='word_1_102' title='bbox 1067 1399 1204 1440; x_wconf 91' lang='lat' dir='ltr'>solum</span> <span class='ocrx_word' id='word_1_103' title='bbox 1249 1405 1374 1455; x_wconf 88' lang='lat' dir='ltr'>caput</span> <span class='ocrx_word' id='word_1_104' title='bbox 1416 1415 1504 1442; x_wconf 86' lang='lat' dir='ltr'>esse</span> <span class='ocrx_word' id='word_1_105' title='bbox 1536 1405 1779 1442; x_wconf 87' lang='lat' dir='ltr'>truncatum</span> 
     </span>
     <span class='ocr_line' id='line_1_17' title="bbox 200 1466 1779 1527; baseline 0.004 -20"><span class='ocrx_word' id='word_1_106' title='bbox 200 1466 271 1508; x_wconf 88' lang='lat' dir='ltr'>sed</span> <span class='ocrx_word' id='word_1_107' title='bbox 308 1471 403 1508; x_wconf 89' lang='lat' dir='ltr'>ante</span> <span class='ocrx_word' id='word_1_108' title='bbox 435 1481 532 1509; x_wconf 91' lang='lat' dir='ltr'>eum</span> <span class='ocrx_word' id='word_1_109' title='bbox 567 1467 770 1510; x_wconf 79' lang='lat' dir='ltr'>excidisse</span> <span class='ocrx_word' id='word_1_110' title='bbox 803 1473 1017 1523; x_wconf 86' lang='lat' dir='ltr'>praeterea</span> <span class='ocrx_word' id='word_1_111' title='bbox 1049 1471 1267 1526; x_wconf 86' lang='lat' dir='ltr'>integrum</span> <span class='ocrx_word' id='word_1_112' title='bbox 1300 1471 1510 1513; x_wconf 84' lang='lat' dir='ltr'>distichon</span> <span class='ocrx_word' id='word_1_113' title='bbox 1545 1485 1626 1526; x_wconf 87' lang='lat' dir='ltr'>quo</span> <span class='ocrx_word' id='word_1_114' title='bbox 1659 1478 1779 1527; x_wconf 84' lang='lat' dir='ltr'>poeta</span> 
     </span>
     <span class='ocr_line' id='line_1_18' title="bbox 199 1538 445 1580; baseline 0 -1"><span class='ocrx_word' id='word_1_115' title='bbox 199 1551 221 1579; x_wconf 85' lang='lat' dir='ltr'>a</span> <span class='ocrx_word' id='word_1_116' title='bbox 255 1538 445 1580; x_wconf 89' lang='lat' dir='ltr'>versibus</span> 
     </span>
    </p>

    <p class='ocr_par' dir='ltr' id='par_1_7' title="bbox 379 1608 1396 1736">
     <span class='ocr_line' id='line_1_19' title="bbox 379 1608 1396 1662; baseline 0.003 -12"><span class='ocrx_word' id='word_1_117' title='bbox 379 1608 543 1660; x_wconf 88' lang='lat' dir='ltr'>Uritur,</span> <span class='ocrx_word' id='word_1_118' title='bbox 577 1613 626 1650; x_wconf 89' lang='lat' dir='ltr'>ut</span> <span class='ocrx_word' id='word_1_119' title='bbox 659 1608 813 1651; x_wconf 85' lang='lat' dir='ltr'>celeres</span> <span class='ocrx_word' id='word_1_120' title='bbox 846 1614 976 1651; x_wconf 89' lang='lat' dir='ltr'>urunt</span> <span class='ocrx_word' id='word_1_121' title='bbox 1007 1610 1155 1652; x_wconf 87' lang='lat' dir='ltr'>altaria</span> <span class='ocrx_word' id='word_1_122' title='bbox 1187 1610 1396 1662; x_wconf 87' lang='lat' dir='ltr'>flammae,</span> 
     </span>
     <span class='ocr_line' id='line_1_20' title="bbox 437 1679 1373 1736; baseline 0.002 -14"><span class='ocrx_word' id='word_1_123' title='bbox 437 1680 538 1731; x_wconf 91' lang='lat' dir='ltr'>Nec,</span> <span class='ocrx_word' id='word_1_124' title='bbox 571 1679 697 1722; x_wconf 88' lang='lat' dir='ltr'>liceat</span> <span class='ocrx_word' id='word_1_125' title='bbox 730 1683 940 1736; x_wconf 88' lang='lat' dir='ltr'>quamvis,</span> <span class='ocrx_word' id='word_1_126' title='bbox 974 1695 1073 1723; x_wconf 88' lang='lat' dir='ltr'>sana</span> <span class='ocrx_word' id='word_1_127' title='bbox 1105 1682 1235 1724; x_wconf 82' lang='lat' dir='ltr'>fuisse</span> <span class='ocrx_word' id='word_1_128' title='bbox 1268 1682 1373 1724; x_wconf 82' lang='lat' dir='ltr'>velit</span> 
     </span>
    </p>

    <p class='ocr_par' dir='ltr' id='par_1_8' title="bbox 192 1750 1776 2302">
     <span class='ocr_line' id='line_1_21' title="bbox 198 1750 1775 1808; baseline 0.003 -17"><span class='ocrx_word' id='word_1_129' title='bbox 198 1750 493 1792; x_wconf 89' lang='lat' dir='ltr'>vehementem</span> <span class='ocrx_word' id='word_1_130' title='bbox 540 1750 753 1806; x_wconf 79' lang='lat' dir='ltr'>Sulpiciae</span> <span class='ocrx_word' id='word_1_131' title='bbox 797 1765 984 1793; x_wconf 85' lang='lat' dir='ltr'>amorem</span> <span class='ocrx_word' id='word_1_132' title='bbox 1026 1753 1300 1808; x_wconf 80' lang='lat' dir='ltr'>pingentibus</span> <span class='ocrx_word' id='word_1_133' title='bbox 1343 1753 1393 1794; x_wconf 88' lang='lat' dir='ltr'>ad</span> <span class='ocrx_word' id='word_1_134' title='bbox 1435 1768 1589 1808; x_wconf 86' lang='lat' dir='ltr'>preces,</span> <span class='ocrx_word' id='word_1_135' title='bbox 1637 1758 1775 1796; x_wconf 89' lang='lat' dir='ltr'>totum</span> 
     </span>
     <span class='ocr_line' id='line_1_22' title="bbox 195 1821 1775 1878; baseline 0.001 -15"><span class='ocrx_word' id='word_1_136' title='bbox 195 1821 495 1876; x_wconf 81' lang='lat' dir='ltr'>corpusculum</span> <span class='ocrx_word' id='word_1_137' title='bbox 537 1822 793 1872; x_wconf 81' lang='lat' dir='ltr'>claudentes,</span> <span class='ocrx_word' id='word_1_138' title='bbox 844 1823 925 1864; x_wconf 86' lang='lat' dir='ltr'>sibi</span> <span class='ocrx_word' id='word_1_139' title='bbox 970 1825 1127 1878; x_wconf 86' lang='lat' dir='ltr'>pararit</span> <span class='ocrx_word' id='word_1_140' title='bbox 1170 1822 1422 1865; x_wconf 83' lang='lat' dir='ltr'>transitum?</span> <span class='ocrx_word' id='word_1_141' title='bbox 1464 1824 1554 1866; x_wconf 90' lang='lat' dir='ltr'>Hoc</span> <span class='ocrx_word' id='word_1_142' title='bbox 1597 1826 1775 1866; x_wconf 83' lang='lat' dir='ltr'>minime</span> 
     </span>
     <span class='ocr_line' id='line_1_23' title="bbox 193 1892 1776 1948; baseline 0.001 -14"><span class='ocrx_word' id='word_1_143' title='bbox 193 1906 282 1934; x_wconf 88' lang='lat' dir='ltr'>esse</span> <span class='ocrx_word' id='word_1_144' title='bbox 315 1892 549 1935; x_wconf 86' lang='lat' dir='ltr'>verisimile</span> <span class='ocrx_word' id='word_1_145' title='bbox 583 1895 729 1935; x_wconf 88' lang='lat' dir='ltr'>statim</span> <span class='ocrx_word' id='word_1_146' title='bbox 763 1895 997 1948; x_wconf 83' lang='lat' dir='ltr'>apparebit.</span> <span class='ocrx_word' id='word_1_147' title='bbox 1031 1894 1111 1935; x_wconf 88' lang='lat' dir='ltr'>Sed</span> <span class='ocrx_word' id='word_1_148' title='bbox 1144 1907 1391 1948; x_wconf 87' lang='lat' dir='ltr'>quocunque</span> <span class='ocrx_word' id='word_1_149' title='bbox 1424 1894 1546 1936; x_wconf 88' lang='lat' dir='ltr'>modo</span> <span class='ocrx_word' id='word_1_150' title='bbox 1578 1894 1687 1936; x_wconf 89' lang='lat' dir='ltr'>illud</span> <span class='ocrx_word' id='word_1_151' title='bbox 1721 1897 1776 1936; x_wconf 89' lang='lat' dir='ltr'>sit</span> 
     </span>
     <span class='ocr_line' id='line_1_24' title="bbox 194 1963 1775 2019; baseline 0.002 -16"><span class='ocrx_word' id='word_1_152' title='bbox 194 1963 427 2005; x_wconf 88' lang='lat' dir='ltr'>sanandum</span> <span class='ocrx_word' id='word_1_153' title='bbox 472 1965 641 2014; x_wconf 83' lang='lat' dir='ltr'>vitium,</span> <span class='ocrx_word' id='word_1_154' title='bbox 691 1965 769 2006; x_wconf 90' lang='lat' dir='ltr'>hoc</span> <span class='ocrx_word' id='word_1_155' title='bbox 810 1964 879 2006; x_wconf 85' lang='lat' dir='ltr'>vel</span> <span class='ocrx_word' id='word_1_156' title='bbox 922 1966 980 2006; x_wconf 91' lang='lat' dir='ltr'>sic</span> <span class='ocrx_word' id='word_1_157' title='bbox 1021 1979 1094 2019; x_wconf 90' lang='lat' dir='ltr'>pro</span> <span class='ocrx_word' id='word_1_158' title='bbox 1138 1968 1249 2006; x_wconf 90' lang='lat' dir='ltr'>certo</span> <span class='ocrx_word' id='word_1_159' title='bbox 1292 1969 1475 2006; x_wconf 88' lang='lat' dir='ltr'>statuere</span> <span class='ocrx_word' id='word_1_160' title='bbox 1517 1965 1634 2006; x_wconf 89' lang='lat' dir='ltr'>nobis</span> <span class='ocrx_word' id='word_1_161' title='bbox 1676 1965 1775 2007; x_wconf 88' lang='lat' dir='ltr'>licet</span> 
     </span>
     <span class='ocr_line' id='line_1_25' title="bbox 193 2034 1771 2090; baseline 0.001 -14"><span class='ocrx_word' id='word_1_162' title='bbox 193 2035 481 2076; x_wconf 87' lang='lat' dir='ltr'>venustiorem</span> <span class='ocrx_word' id='word_1_163' title='bbox 523 2036 756 2090; x_wconf 84' lang='lat' dir='ltr'>excogitari</span> <span class='ocrx_word' id='word_1_164' title='bbox 798 2034 962 2076; x_wconf 86' lang='lat' dir='ltr'>nullam</span> <span class='ocrx_word' id='word_1_165' title='bbox 1005 2036 1191 2089; x_wconf 88' lang='lat' dir='ltr'>potuisse</span> <span class='ocrx_word' id='word_1_166' title='bbox 1235 2034 1468 2076; x_wconf 75' lang='lat' dir='ltr'>clausulam</span> <span class='ocrx_word' id='word_1_167' title='bbox 1510 2049 1637 2090; x_wconf 87' lang='lat' dir='ltr'>quam</span> <span class='ocrx_word' id='word_1_168' title='bbox 1677 2050 1771 2090; x_wconf 87' lang='lat' dir='ltr'>qua,</span> 
     </span>
     <span class='ocr_line' id='line_1_26' title="bbox 192 2104 1774 2160; baseline 0.001 -15"><span class='ocrx_word' id='word_1_169' title='bbox 192 2104 318 2146; x_wconf 92' lang='lat' dir='ltr'>hocce</span> <span class='ocrx_word' id='word_1_170' title='bbox 349 2106 434 2147; x_wconf 89' lang='lat' dir='ltr'>iam</span> <span class='ocrx_word' id='word_1_171' title='bbox 469 2106 597 2147; x_wconf 88' lang='lat' dir='ltr'>misso</span> <span class='ocrx_word' id='word_1_172' title='bbox 630 2105 696 2147; x_wconf 92' lang='lat' dir='ltr'>die</span> <span class='ocrx_word' id='word_1_173' title='bbox 728 2104 872 2155; x_wconf 87' lang='lat' dir='ltr'>natali,</span> <span class='ocrx_word' id='word_1_174' title='bbox 907 2105 957 2146; x_wconf 91' lang='lat' dir='ltr'>ad</span> <span class='ocrx_word' id='word_1_175' title='bbox 989 2104 1115 2146; x_wconf 91' lang='lat' dir='ltr'>illum</span> <span class='ocrx_word' id='word_1_176' title='bbox 1149 2107 1221 2160; x_wconf 85' lang='lat' dir='ltr'>qui</span> <span class='ocrx_word' id='word_1_177' title='bbox 1252 2111 1346 2160; x_wconf 88' lang='lat' dir='ltr'>post</span> <span class='ocrx_word' id='word_1_178' title='bbox 1378 2119 1535 2146; x_wconf 87' lang='lat' dir='ltr'>annum</span> <span class='ocrx_word' id='word_1_179' title='bbox 1563 2107 1617 2147; x_wconf 89' lang='lat' dir='ltr'>sit</span> <span class='ocrx_word' id='word_1_180' title='bbox 1645 2108 1774 2148; x_wconf 85' lang='lat' dir='ltr'>oritu-</span> 
     </span>
     <span class='ocr_line' id='line_1_27' title="bbox 192 2174 1771 2231; baseline 0.001 -15"><span class='ocrx_word' id='word_1_181' title='bbox 192 2189 263 2216; x_wconf 88' lang='lat' dir='ltr'>rus</span> <span class='ocrx_word' id='word_1_182' title='bbox 307 2174 535 2218; x_wconf 89' lang='lat' dir='ltr'>alludatur.</span> <span class='ocrx_word' id='word_1_183' title='bbox 581 2175 775 2217; x_wconf 87' lang='lat' dir='ltr'>Profecto</span> <span class='ocrx_word' id='word_1_184' title='bbox 818 2176 895 2217; x_wconf 90' lang='lat' dir='ltr'>hoc</span> <span class='ocrx_word' id='word_1_185' title='bbox 927 2190 1050 2217; x_wconf 86' lang='lat' dir='ltr'>nemo</span> <span class='ocrx_word' id='word_1_186' title='bbox 1084 2190 1270 2231; x_wconf 86' lang='lat' dir='ltr'>unquam</span> <span class='ocrx_word' id='word_1_187' title='bbox 1303 2178 1345 2216; x_wconf 91' lang='lat' dir='ltr'>in</span> <span class='ocrx_word' id='word_1_188' title='bbox 1379 2180 1567 2217; x_wconf 89' lang='lat' dir='ltr'>mentem</span> <span class='ocrx_word' id='word_1_189' title='bbox 1600 2177 1679 2217; x_wconf 88' lang='lat' dir='ltr'>sibi</span> <span class='ocrx_word' id='word_1_190' title='bbox 1710 2179 1771 2218; x_wconf 86' lang='lat' dir='ltr'>in-</span> 
     </span>
     <span class='ocr_line' id='line_1_28' title="bbox 192 2246 1770 2302; baseline 0.001 -15"><span class='ocrx_word' id='word_1_191' title='bbox 192 2246 317 2288; x_wconf 84' lang='lat' dir='ltr'>ducet</span> <span class='ocrx_word' id='word_1_192' title='bbox 343 2250 392 2287; x_wconf 92' lang='lat' dir='ltr'>ut</span> <span class='ocrx_word' id='word_1_193' title='bbox 419 2251 541 2301; x_wconf 91' lang='lat' dir='ltr'>putet</span> <span class='ocrx_word' id='word_1_194' title='bbox 572 2250 666 2302; x_wconf 86' lang='lat' dir='ltr'>post</span> <span class='ocrx_word' id='word_1_195' title='bbox 689 2246 798 2288; x_wconf 89' lang='lat' dir='ltr'>illud</span> <span class='ocrx_word' id='word_1_196' title='bbox 827 2246 904 2287; x_wconf 73' lang='lat' dir='ltr'>iam</span> <span class='ocrx_word' id='word_1_197' title='bbox 932 2251 1040 2287; x_wconf 65' lang='lat' dir='ltr'>vetus</span> <span class='ocrx_word' id='word_1_198' title='bbox 1067 2247 1175 2287; x_wconf 68' lang='lat' dir='ltr'>adsit</span> <span class='ocrx_word' id='word_1_199' title='bbox 1202 2261 1308 2287; x_wconf 68' lang='lat' dir='ltr'>amor</span> <span class='ocrx_word' id='word_1_200' title='bbox 1334 2246 1564 2301; x_wconf 85' lang='lat' dir='ltr'>quidquam</span> <span class='ocrx_word' id='word_1_201' title='bbox 1582 2249 1770 2301; x_wconf 88' lang='lat' dir='ltr'>periisse.</span> 
     </span>
    </p>

    <p class='ocr_par' dir='ltr' id='par_1_9' title="bbox 180 2316 1771 3148">
     <span class='ocr_line' id='line_1_29' title="bbox 251 2316 1771 2373; baseline 0.001 -16"><span class='ocrx_word' id='word_1_202' title='bbox 251 2316 473 2372; x_wconf 90' lang='lat' dir='ltr'>Integrum</span> <span class='ocrx_word' id='word_1_203' title='bbox 507 2330 622 2369; x_wconf 55' lang='lat' dir='ltr'>(nam</span> <span class='ocrx_word' id='word_1_204' title='bbox 655 2331 787 2373; x_wconf 86' lang='lat' dir='ltr'>pauca</span> <span class='ocrx_word' id='word_1_205' title='bbox 814 2317 886 2359; x_wconf 86' lang='lat' dir='ltr'>illa</span> <span class='ocrx_word' id='word_1_206' title='bbox 914 2331 1019 2372; x_wconf 88' lang='lat' dir='ltr'>quae</span> <span class='ocrx_word' id='word_1_207' title='bbox 1046 2317 1327 2358; x_wconf 86' lang='lat' dir='ltr'>indicavimus</span> <span class='ocrx_word' id='word_1_208' title='bbox 1355 2318 1461 2358; x_wconf 84' lang='lat' dir='ltr'>vitia</span> <span class='ocrx_word' id='word_1_209' title='bbox 1487 2321 1632 2372; x_wconf 87' lang='lat' dir='ltr'>poetae</span> <span class='ocrx_word' id='word_1_210' title='bbox 1658 2332 1771 2359; x_wconf 89' lang='lat' dir='ltr'>men-</span> 
     </span>
     <span class='ocr_line' id='line_1_30' title="bbox 190 2386 1770 2443; baseline 0 -14"><span class='ocrx_word' id='word_1_211' title='bbox 190 2391 278 2429; x_wconf 90' lang='lat' dir='ltr'>tem</span> <span class='ocrx_word' id='word_1_212' title='bbox 325 2401 543 2443; x_wconf 88' lang='lat' dir='ltr'>nunquam</span> <span class='ocrx_word' id='word_1_213' title='bbox 591 2389 832 2440; x_wconf 84' lang='lat' dir='ltr'>obscurant)</span> <span class='ocrx_word' id='word_1_214' title='bbox 880 2387 930 2428; x_wconf 89' lang='lat' dir='ltr'>ad</span> <span class='ocrx_word' id='word_1_215' title='bbox 979 2401 1050 2428; x_wconf 88' lang='lat' dir='ltr'>nos</span> <span class='ocrx_word' id='word_1_216' title='bbox 1098 2391 1237 2428; x_wconf 91' lang='lat' dir='ltr'>totum</span> <span class='ocrx_word' id='word_1_217' title='bbox 1281 2386 1532 2441; x_wconf 89' lang='lat' dir='ltr'>opusculum</span> <span class='ocrx_word' id='word_1_218' title='bbox 1576 2390 1770 2442; x_wconf 82' lang='lat' dir='ltr'>pervenit</span> 
     </span>
     <span class='ocr_line' id='line_1_31' title="bbox 189 2457 1763 2513; baseline -0.001 -13"><span class='ocrx_word' id='word_1_219' title='bbox 189 2472 487 2513; x_wconf 85' lang='lat' dir='ltr'>summamque</span> <span class='ocrx_word' id='word_1_220' title='bbox 529 2460 574 2499; x_wconf 89' lang='lat' dir='ltr'>in</span> <span class='ocrx_word' id='word_1_221' title='bbox 615 2472 663 2500; x_wconf 89' lang='lat' dir='ltr'>eo</span> <span class='ocrx_word' id='word_1_222' title='bbox 706 2457 960 2500; x_wconf 88' lang='lat' dir='ltr'>conficiendo</span> <span class='ocrx_word' id='word_1_223' title='bbox 1001 2457 1269 2512; x_wconf 87' lang='lat' dir='ltr'>limandoque</span> <span class='ocrx_word' id='word_1_224' title='bbox 1311 2471 1334 2498; x_wconf 90' lang='lat' dir='ltr'>a</span> <span class='ocrx_word' id='word_1_225' title='bbox 1377 2461 1497 2511; x_wconf 87' lang='lat' dir='ltr'>poeta</span> <span class='ocrx_word' id='word_1_226' title='bbox 1531 2457 1763 2499; x_wconf 87' lang='lat' dir='ltr'>adhibitam</span> 
     </span>
     <span class='ocr_line' id='line_1_32' title="bbox 188 2526 1765 2584; baseline 0.001 -15"><span class='ocrx_word' id='word_1_227' title='bbox 188 2528 460 2584; x_wconf 80' lang='lat' dir='ltr'>diligentiam</span> <span class='ocrx_word' id='word_1_228' title='bbox 502 2530 649 2570; x_wconf 86' lang='lat' dir='ltr'>statim</span> <span class='ocrx_word' id='word_1_229' title='bbox 691 2528 811 2570; x_wconf 86' lang='lat' dir='ltr'>nobis</span> <span class='ocrx_word' id='word_1_230' title='bbox 844 2527 913 2569; x_wconf 87' lang='lat' dir='ltr'>vel</span> <span class='ocrx_word' id='word_1_231' title='bbox 944 2528 1078 2569; x_wconf 90' lang='lat' dir='ltr'>obiter</span> <span class='ocrx_word' id='word_1_232' title='bbox 1109 2526 1217 2568; x_wconf 91' lang='lat' dir='ltr'>illud</span> <span class='ocrx_word' id='word_1_233' title='bbox 1250 2528 1549 2581; x_wconf 85' lang='lat' dir='ltr'>aspicientibus</span> <span class='ocrx_word' id='word_1_234' title='bbox 1581 2532 1765 2582; x_wconf 86' lang='lat' dir='ltr'>apparet.</span> 
     </span>
     <span class='ocr_line' id='line_1_33' title="bbox 187 2597 1760 2654; baseline -0.001 -13"><span class='ocrx_word' id='word_1_235' title='bbox 187 2600 250 2642; x_wconf 90' lang='lat' dir='ltr'>Ne</span> <span class='ocrx_word' id='word_1_236' title='bbox 296 2599 571 2641; x_wconf 86' lang='lat' dir='ltr'>Archimedes</span> <span class='ocrx_word' id='word_1_237' title='bbox 620 2600 793 2654; x_wconf 87' lang='lat' dir='ltr'>quidem</span> <span class='ocrx_word' id='word_1_238' title='bbox 839 2600 930 2653; x_wconf 90' lang='lat' dir='ltr'>ipse</span> <span class='ocrx_word' id='word_1_239' title='bbox 978 2600 1212 2640; x_wconf 83' lang='lat' dir='ltr'>accuratius</span> <span class='ocrx_word' id='word_1_240' title='bbox 1261 2599 1468 2651; x_wconf 86' lang='lat' dir='ltr'>potuisset</span> <span class='ocrx_word' id='word_1_241' title='bbox 1517 2597 1760 2641; x_wconf 86' lang='lat' dir='ltr'>describere.</span> 
     </span>
     <span class='ocr_line' id='line_1_34' title="bbox 187 2668 1763 2725; baseline -0.001 -13"><span class='ocrx_word' id='word_1_242' title='bbox 187 2670 377 2712; x_wconf 88' lang='lat' dir='ltr'>Medium</span> <span class='ocrx_word' id='word_1_243' title='bbox 411 2670 552 2712; x_wconf 86' lang='lat' dir='ltr'>locum</span> <span class='ocrx_word' id='word_1_244' title='bbox 587 2672 780 2712; x_wconf 91' lang='lat' dir='ltr'>omnium</span> <span class='ocrx_word' id='word_1_245' title='bbox 813 2669 1063 2725; x_wconf 87' lang='lat' dir='ltr'>longissima</span> <span class='ocrx_word' id='word_1_246' title='bbox 1098 2673 1212 2710; x_wconf 87' lang='lat' dir='ltr'>tenet</span> <span class='ocrx_word' id='word_1_247' title='bbox 1243 2668 1401 2723; x_wconf 88' lang='lat' dir='ltr'>elegia:</span> <span class='ocrx_word' id='word_1_248' title='bbox 1435 2670 1523 2722; x_wconf 89' lang='lat' dir='ltr'>ipse</span> <span class='ocrx_word' id='word_1_249' title='bbox 1556 2669 1615 2709; x_wconf 83' lang='lat' dir='ltr'>ibi</span> <span class='ocrx_word' id='word_1_250' title='bbox 1642 2674 1763 2723; x_wconf 87' lang='lat' dir='ltr'>poeta</span> 
     </span>
     <span class='ocr_line' id='line_1_35' title="bbox 184 2738 1760 2796; baseline -0.001 -14"><span class='ocrx_word' id='word_1_251' title='bbox 184 2739 396 2796; x_wconf 89' lang='lat' dir='ltr'>loquitur;</span> <span class='ocrx_word' id='word_1_252' title='bbox 442 2755 576 2796; x_wconf 90' lang='lat' dir='ltr'>neque</span> <span class='ocrx_word' id='word_1_253' title='bbox 618 2742 777 2782; x_wconf 87' lang='lat' dir='ltr'>mirum</span> <span class='ocrx_word' id='word_1_254' title='bbox 823 2754 916 2781; x_wconf 88' lang='lat' dir='ltr'>eam</span> <span class='ocrx_word' id='word_1_255' title='bbox 960 2741 1108 2781; x_wconf 87' lang='lat' dir='ltr'>ceteris</span> <span class='ocrx_word' id='word_1_256' title='bbox 1150 2738 1275 2793; x_wconf 91' lang='lat' dir='ltr'>paulo</span> <span class='ocrx_word' id='word_1_257' title='bbox 1311 2740 1490 2780; x_wconf 87' lang='lat' dir='ltr'>evasisse</span> <span class='ocrx_word' id='word_1_258' title='bbox 1524 2738 1760 2794; x_wconf 84' lang='lat' dir='ltr'>longiorem</span> 
     </span>
     <span class='ocr_line' id='line_1_36' title="bbox 183 2810 1762 2865; baseline -0.001 -13"><span class='ocrx_word' id='word_1_259' title='bbox 183 2811 258 2863; x_wconf 75' lang='lat'>(26</span> <span class='ocrx_word' id='word_1_260' title='bbox 307 2825 512 2854; x_wconf 86' lang='lat' dir='ltr'>versuum</span> <span class='ocrx_word' id='word_1_261' title='bbox 559 2814 653 2862; x_wconf 89' lang='lat' dir='ltr'>est),</span> <span class='ocrx_word' id='word_1_262' title='bbox 702 2825 793 2852; x_wconf 91' lang='lat' dir='ltr'>rem</span> <span class='ocrx_word' id='word_1_263' title='bbox 840 2812 953 2852; x_wconf 87' lang='lat' dir='ltr'>enim</span> <span class='ocrx_word' id='word_1_264' title='bbox 1001 2811 1302 2865; x_wconf 80' lang='lat' dir='ltr'>gravissimam</span> <span class='ocrx_word' id='word_1_265' title='bbox 1352 2813 1515 2858; x_wconf 87' lang='lat' dir='ltr'>tractat,</span> <span class='ocrx_word' id='word_1_266' title='bbox 1566 2810 1762 2851; x_wconf 89' lang='lat' dir='ltr'>morbum</span> 
     </span>
     <span class='ocr_line' id='line_1_37' title="bbox 184 2878 1763 2937; baseline -0.001 -14"><span class='ocrx_word' id='word_1_267' title='bbox 184 2880 408 2937; x_wconf 82' lang='lat' dir='ltr'>Sulpiciae.</span> <span class='ocrx_word' id='word_1_268' title='bbox 453 2881 522 2932; x_wconf 84' lang='lat' dir='ltr'>Et,</span> <span class='ocrx_word' id='word_1_269' title='bbox 558 2882 759 2936; x_wconf 88' lang='lat' dir='ltr'>quoniam</span> <span class='ocrx_word' id='word_1_270' title='bbox 799 2883 842 2922; x_wconf 91' lang='lat' dir='ltr'>in</span> <span class='ocrx_word' id='word_1_271' title='bbox 885 2880 1022 2922; x_wconf 90' lang='lat' dir='ltr'>medio</span> <span class='ocrx_word' id='word_1_272' title='bbox 1056 2882 1189 2935; x_wconf 83' lang='lat' dir='ltr'>posita</span> <span class='ocrx_word' id='word_1_273' title='bbox 1223 2884 1297 2928; x_wconf 89' lang='lat' dir='ltr'>est,</span> <span class='ocrx_word' id='word_1_274' title='bbox 1333 2878 1640 2933; x_wconf 87' lang='lat' dir='ltr'>quodammodo</span> <span class='ocrx_word' id='word_1_275' title='bbox 1672 2882 1763 2922; x_wconf 90' lang='lat' dir='ltr'>iure</span> 
     </span>
     <span class='ocr_line' id='line_1_38' title="bbox 181 2949 1759 3007; baseline -0.001 -14"><span class='ocrx_word' id='word_1_276' title='bbox 181 2966 256 2993; x_wconf 91' lang='lat' dir='ltr'>suo</span> <span class='ocrx_word' id='word_1_277' title='bbox 288 2965 414 3007; x_wconf 85' lang='lat' dir='ltr'>supra</span> <span class='ocrx_word' id='word_1_278' title='bbox 446 2956 604 2993; x_wconf 88' lang='lat' dir='ltr'>ceteras</span> <span class='ocrx_word' id='word_1_279' title='bbox 638 2953 809 2993; x_wconf 82' lang='lat' dir='ltr'>eminet.</span> <span class='ocrx_word' id='word_1_280' title='bbox 843 2952 906 2993; x_wconf 88' lang='lat' dir='ltr'>Ab</span> <span class='ocrx_word' id='word_1_281' title='bbox 941 2955 1119 3005; x_wconf 87' lang='lat' dir='ltr'>utraque</span> <span class='ocrx_word' id='word_1_282' title='bbox 1152 2954 1270 3005; x_wconf 88' lang='lat' dir='ltr'>parte</span> <span class='ocrx_word' id='word_1_283' title='bbox 1304 2949 1485 3005; x_wconf 87' lang='lat' dir='ltr'>elegiam</span> <span class='ocrx_word' id='word_1_284' title='bbox 1518 2950 1642 2991; x_wconf 90' lang='lat' dir='ltr'>habet</span> <span class='ocrx_word' id='word_1_285' title='bbox 1679 2964 1759 3005; x_wconf 87' lang='lat' dir='ltr'>qua</span> 
     </span>
     <span class='ocr_line' id='line_1_39' title="bbox 180 3021 1759 3077; baseline -0.001 -13"><span class='ocrx_word' id='word_1_286' title='bbox 180 3021 370 3077; x_wconf 89' lang='lat' dir='ltr'>Sulpicia</span> <span class='ocrx_word' id='word_1_287' title='bbox 416 3023 509 3077; x_wconf 86' lang='lat' dir='ltr'>ipsa</span> <span class='ocrx_word' id='word_1_288' title='bbox 557 3023 684 3064; x_wconf 87' lang='lat' dir='ltr'>verba</span> <span class='ocrx_word' id='word_1_289' title='bbox 730 3022 854 3073; x_wconf 84' lang='lat' dir='ltr'>facit,</span> <span class='ocrx_word' id='word_1_290' title='bbox 905 3022 1049 3062; x_wconf 87' lang='lat' dir='ltr'>ambae</span> <span class='ocrx_word' id='word_1_291' title='bbox 1093 3021 1148 3061; x_wconf 81' lang='lat'>44</span> <span class='ocrx_word' id='word_1_292' title='bbox 1192 3021 1389 3075; x_wconf 83' lang='lat' dir='ltr'>praebent</span> <span class='ocrx_word' id='word_1_293' title='bbox 1437 3034 1600 3070; x_wconf 78' lang='lat' dir='ltr'>versus3</span> <span class='ocrx_word' id='word_1_294' title='bbox 1655 3035 1759 3075; x_wconf 83' lang='lat' dir='ltr'>quae</span> 
     </span>
     <span class='ocr_line' id='line_1_40' title="bbox 181 3090 1758 3148; baseline -0.001 -14"><span class='ocrx_word' id='word_1_295' title='bbox 181 3093 392 3148; x_wconf 86' lang='lat' dir='ltr'>praecedit</span> <span class='ocrx_word' id='word_1_296' title='bbox 432 3093 489 3135; x_wconf 77' lang='lat'>24</span> <span class='ocrx_word' id='word_1_297' title='bbox 534 3097 598 3134; x_wconf 90' lang='lat' dir='ltr'>est</span> <span class='ocrx_word' id='word_1_298' title='bbox 640 3107 842 3136; x_wconf 89' lang='lat' dir='ltr'>versuum</span> <span class='ocrx_word' id='word_1_299' title='bbox 881 3092 1134 3146; x_wconf 77' lang='lat' dir='ltr'>exhibetque</span> <span class='ocrx_word' id='word_1_300' title='bbox 1168 3090 1400 3145; x_wconf 79' lang='lat' dir='ltr'>Sulpiciam</span> <span class='ocrx_word' id='word_1_301' title='bbox 1434 3096 1758 3145; x_wconf 88' lang='lat' dir='ltr'>conquerentem</span> 
     </span>
    </p>
   </div>
  </div>
 </body>
</html>
